3232 5176
697 298 920 366 ...59-

171 472 368 556 redigantur.
417 475 559 554 Quaerat
595 477 695 561 igitur
719 479 891 563 quispiam,
927 500 1002 548 num
1028 485 1149 558 eadem,
1187 503 1250 568 qua
1271 486 1379 553 ¹adhuc
1402 489 1450 555 in·

171 581 274 662 gressi
298 600 416 655 sumus,
440 584 492 650 via
517 603 555 651 ea
571 587 688 670 tragici
712 589 869 657 sermonis
894 590 1053 658 elementa
1078 609 1253 674 congerere
1277 596 1448 679 possimus,

171 707 253 771 quae
277 690 410 773 reliquis
428 691 624 760 Graecorum
641 696 792 778 gentibus
816 698 929 781 ignota
953 701 1077 766 usitata
1101 701 1167 767 sint
1184 702 1449 794 Atheniensibus

275 798 319 863 At
342 816 382 864 ea
405 818 474 865 eum
500 801 533 866 in
557 803 643 869 omui
667 806 835 887 tragoedia
858 825 1002 889 perrara,
1032 812 1101 873 turn
1131 809 1217 891 apud
1252 809 1446 893 Aeschylum

170 905 223 971 vix
245 924 386 990 unquam
408 907 500 991 legis.
548 909 684 976 Unicum
700 910 779 993 fere,
803 914 889 997 qnod
913 915 991 980 mihi
1014 922 1146 997 praesto
1171 922 1231 998 est,
1264 918 1446 1001 exemplum

171 1018 277 1080 exstat
300 1015 332 1080 in
355 1015 586 1084 Eumenidibus
612 1020 675 1084 580
692 1021 787 1106 (570)
812 1022 898 1088 trim.
922 1041 989 1106 seq.
1016 1022 1165 1104 εἰσάγω
1191 1021 1229 1088 de
1250 1023 1314 1106 ebo
1338 1023 1447 1110 δίκην,

169 1121 225 1187 ubi
247 1123 381 1190 verbum
405 1124 528 1207 εἰσάγω
563 1145 652 1194 more
676 1127 784 1193 Attico
820 1130 852 1193 in
877 1146 974 1195 causa
998 1128 1134 1195 Orestae
1158 1131 1301 1213 ponitur,
1338 1133 1385 1198 ita
1408 1143 1446 1200 ut

169 1236 316 1298 aratores
340 1232 447 1300 dicere
471 1234 576 1301 solent
600 1237 688 1302 velut
710 1236 876 1304 Demosth.
905 1238 955 1303 21.
975 1240 1016 1302 47
1047 1238 1079 1303 ot
1102 1234 1317 1319 aequoream
1341 1241 1449 1306 εἰσα-

169 1337 326 1420 γόντων
350 1341 398 1421 εἰς
420 1340 483 1424 τὴν
497 1341 635 1424 ἡλιαίαν
658 1362 701 1411 sc.
728 1343 791 1426 τὴν
807 1345 953 1428 γραφήν,
979 1345 1017 1411 ef.
1035 1345 1201 1428 Aristoph.
1219 1365 1307 1429 vesp.
1325 1349 1390 1413 826
1403 1349 1446 1417 al.

168 1446 283 1530 Neque
307 1447 405 1514 etiam
429 1451 541 1516 eodem
565 1451 636 1518 locu
660 1453 697 1534 is,
723 1451 777 1535 qui
795 1458 937 1538 accusat,
962 1450 1134 1518 ὁὸιώκων
1158 1459 1302 1536 vocatur,
1327 1456 1391 1521 nisi
1413 1457 1448 1524 in

168 1556 298 1621 modurn
326 1555 465 1624 forensis
492 1558 737 1627 Atheniensium
768 1560 1020 1641 consuetudinis,
1057 1561 1148 1627 cuins
1182 1561 1231 1626 rei
1261 1565 1450 1631 testimonia

169 1663 254 1744 apud
278 1668 425 1730 oratores
449 1665 573 1732 Atticos
610 1667 699 1733 etin
723 1667 951 1750 Aristophanis
986 1669 1093 1751 vespis
1117 1669 1368 1736 innumerabilia
1403 1673 1452 1738 iu·

168 1771 287 1837 venies
335 1772 451 1838 Exstat
466 1773 595 1856 quidem
618 1775 652 1841 id
676 1775 809 1842 verbum
826 1776 938 1842 eodem
963 1793 1059 1842 sensu
1077 1776 1271 1843 instructum
1294 1777 1346 1844 bis
1363 1781 1450 1862 apud

168 1877 369 1945 Herodotum
392 1880 446 1947 VI.
474 1883 545 1960 104,
574 1883 647 1965 136,
684 1884 741 1950 sed
764 1883 904 1949 fortasse
941 1884 981 1949 ad
1005 1882 1148 1949 Atticam
1178 1887 1445 1953 consuetudinem

168 1987 303 2069 recedit,
339 1988 414 2071 quia
439 1989 478 2054 de
503 1990 651 2058 Miltiade
673 1991 863 2058 Atheniensi
900 1991 1022 2057 dictum
1051 1995 1111 2073 est,
1147 2010 1249 2074 quare
1272 1994 1449 2060 secundum

168 2095 313 2178 regulam
337 2103 370 2163 et
394 2097 487 2180 quasi
524 2099 627 2180 legem
651 2105 796 2166 nostram
825 2098 959 2166 verbum
984 2097 1119 2165 ὁιώκεαν
1154 2117 1251 2167 sensu
1275 2103 1448 2169 accusandi

169 2210 361 2286 usurpatum
385 2224 444 2271 nec
467 2226 530 2273 non
556 2206 693 2289 φεύγειν
717 2208 880 2273 contrario
904 2225 1002 2274 sensu
1037 2207 1157 2273 dietum
1180 2214 1316 2291 propter
1340 2212 1449 2293 singu·

167 2312 269 2378 larem
293 2312 540 2397 significationis
562 2314 776 2381 mutationem
800 2316 878 2381 solis
901 2316 988 2382 inter
1012 2315 1154 2382 Graecas
1178 2321 1291 2398 gentes
1315 2318 1450 2386 Atheni-

170 2420 298 2487 ensibus
325 2422 533 2489 vindicamus
580 2422 774 2489 lncredibile
791 2424 919 2506 quidem
937 2442 1000 2488 non
1018 2427 1069 2490 est
1080 2423 1282 2490 Herodotum
1299 2425 1446 2508 AtheniS,

169 2547 231 2611 qua
266 2529 299 2594 in
334 2529 414 2596 urbe
449 2536 612 2596 versatum
648 2550 719 2597 eum
756 2549 827 2598 esse
861 2532 990 2612 scimus,
1030 2530 1155 2613 copiam
1195 2537 1228 2598 et
1266 2534 1448 2601 ubertatem

167 2635 318 2704 dictionis
342 2639 480 2720 auxisse,
505 2658 570 2722 qua
594 2639 634 2704 de
657 2658 693 2705 re
716 2658 810 2705 nemo
834 2639 939 2704 adhue
963 2639 1133 2722 quaesivit.

272 2747 363 2814 Haec
390 2747 546 2812 habemus
571 2747 611 2812 de
633 2747 765 2814 vocibus
789 2746 981 2813 recentioris
1007 2747 1160 2826 Atthidis,
1187 2765 1270 2828 quae
1294 2748 1448 2816 dicamus.

168 2854 251 2921 Nam
274 2844 371 2939 plura
398 2855 577 2921 eiusmodi
601 2856 748 2922 versibus
783 2856 928 2922 inserere
952 2854 1129 2938 Aeschylus
1165 2874 1229 2920 non
1254 2855 1325 2920 sine
1350 2873 1447 2922 eausa

166 2963 289 3045 vitavit,
326 2984 367 3030 ne
390 2983 496 3031 sermo
520 2963 672 3030 humilior
710 2970 742 3030 et
778 2965 881 3046 magis
906 2964 1092 3030 comoediae
1127 2981 1223 3044 quam
1257 2964 1449 3046 tragoediae

167 3077 262 3156 aptus
280 3073 445 3140 videretur
469 3090 551 3139 esse.
600 3072 815 3138 Transeamus
839 3073 939 3152 igitur
963 3072 1004 3137 ad
1026 3088 1065 3136 ea
1080 3070 1279 3154 Aeschyleae
1296 3071 1447 3137 dictionis

165 3180 275 3266 verba,
314 3200 397 3264 quae
443 3181 571 3247 Atticae
606 3180 737 3246 dialecti
774 3179 914 3246 testibus
950 3184 1008 3244 aut
1031 3179 1160 3245 omnino
1197 3184 1254 3244 aut
1283 3177 1448 3261 plerisque

164 3290 277 3372 ignota
313 3294 398 3371 sunt,
434 3289 497 3354 etsi
531 3286 627 3354 fidem
657 3287 839 3355 sententiae
862 3292 994 3353 nostrae
1018 3287 1070 3352 vix
1094 3286 1263 3370 quisquam
1299 3286 1448 3368 abroget,

167 3416 237 3463 eum
268 3397 500 3464 contendamus
525 3414 564 3461 ea
587 3414 650 3461 non
674 3396 778 3461 solum
802 3394 911 3477 prisca
934 3394 1044 3459 Attica
1068 3393 1177 3459 nescio
1213 3411 1276 3476 quo
1301 3397 1449 3476 ternpore

165 3505 275 3587 fuisse,
299 3524 410 3573 verum
435 3505 533 3571 etiam
557 3505 590 3569 in
615 3504 785 3587 tragoedia
813 3503 899 3568 inter
926 3502 1036 3584 prisca
1060 3501 1170 3567 Attica
1193 3501 1340 3583 putanda
1363 3521 1445 3571 esse.

165 3614 285 3680 Variae
319 3618 429 3680 autem
463 3619 539 3679 sunt
575 3630 702 3694 causae,
741 3630 761 3677 a
796 3611 911 3694 quibus
947 3609 1101 3677 iudicium
1136 3615 1283 3677 nostrum
1322 3611 1445 3692 pendit,

166 3740 300 3805 quarum
325 3721 536 3805 gravissimae
559 3720 621 3785 hae
645 3723 729 3786 sunt.
777 3717 919 3783 Primum
944 3718 1083 3801 quidem,
1109 3736 1192 3799 quae
1215 3736 1310 3784 voces
1333 3717 1366 3782 in
1390 3737 1449 3784 no-

166 3830 305 3896 minibus
340 3848 416 3895 vere
439 3828 557 3896 Atticis
586 3833 736 3896 servatae
760 3832 845 3908 sunt,
885 3832 973 3893 certe
996 3825 1170 3908 aliquando
1195 3826 1228 3890 in
1252 3825 1362 3891 Attica
1385 3827 1449 3891 usi-

167 3942 257 4003 tatae
280 3936 421 4003 fuerunt.
468 3936 650 4003 Nonnullae
672 3935 785 4001 -etiam
808 3935 894 4001 inter
924 3933 1063 4015 vestigia
1097 3933 1256 3999 sermonis
1279 3931 1449 4000 familiaris

168 4046 363 4128 antiquioris
380 4050 551 4112 servantur
567 4045 656 4110 velut
679 4044 713 4110 in
730 4041 995 4125 inscriptionibus
1020 4046 1053 4107 et
1069 4042 1262 4107 comicorum
1278 4045 1448 4123 poetarum

166 4153 370 4237 fragmentis.
417 4153 539 4219 Multae
563 4151 680 4218 deinde
696 4151 851 4233 primario
876 4150 1005 4233 quidem
1028 4167 1125 4215 sensu
1142 4148 1229 4239 apud
1244 4147 1448 4231 Aeschylum,

168 4263 293 4328 tralato.
314 4266 440 4328 tanturn
476 4261 561 4342 apud
586 4261 712 4324 Atticos
737 4258 913 4340 scriptores
948 4262 1157 4338 usurpantur,
1194 4256 1280 4322 unde
1303 4257 1449 4338 sequitur

170 4369 362 4452 Aeschylum
388 4367 582 4452 vetustioris
608 4365 853 4431 consuetudinis
877 4370 993 4430 testem
1019 4383 1099 4430 esse.
1148 4364 1311 4443 Quaenam
1341 4369 1449 4431 autem

170 4496 288 4544 causae
323 4479 356 4544 in
380 4494 574 4559 unaquaque
610 4492 687 4553 voce
712 4473 851 4554 valeant,
888 4473 921 4538 in
956 4471 1092 4553 singulis
1117 4472 1246 4539 vocibus
1270 4474 1449 4540 tractandis

170 4585 406 4655 adnotabimus.
