3232 5176
692 307 911 377 ..33-

165 491 269 557 Aliter
283 490 400 557 Pollux
414 495 442 559 I.
458 495 515 557 22:
540 488 693 557 caradoc
716 489 754 555 dd
777 490 914 574 ἀσέβεια
935 493 992 557 καὶ
1008 490 1189 575 ἀνοσιόπης
1203 491 1260 559 καὶ
1276 489 1435 578 ὀλιγωρία

166 600 242 682 περὶ
274 598 313 664 τὸ
348 597 448 664 dccco
477 599 534 664 καὶ
562 596 769 681 θεοβλάβεια
792 600 849 664 καὶ
872 597 1032 683 ἀθεότης,
1068 599 1179 667 eodem
1203 620 1299 667 sensu
1323 607 1436 683 555155

165 704 372 790 θεοβλαβής.
414 708 502 787 Quae
526 707 697 789 explicatio
721 726 761 772 ex
783 707 870 774 vocis
894 709 1088 790 etymologia
1110 707 1227 774 hausta
1251 713 1309 775 551.

270 815 341 880 Vox
356 811 552 897 cooptatis
568 814 721 896 cuiusque
737 814 883 880 55515515
898 814 1008 881 Ionica
1024 815 1196 881 iudicanda
1213 822 1288 882 sunt
1303 820 1437 898 propter

166 920 432 1004 significationem
466 922 671 1004 singularem,
708 922 771 988 nisi
802 921 886 988 forte
911 924 1023 989 credas
1047 942 1085 989 55
1108 925 1258 990 recodere
1282 925 1324 989 ad
1347 930 1437 990 5515-

166 1030 342 1096 stissimam
377 1035 528 1110 aetatem,
565 1049 647 1112 quae
681 1030 811 1096 Ionibus
835 1035 869 1096 et
892 1030 1141 1097 Atheniensibus
1166 1031 1341 1096 communis
1364 1029 1436 1098 luit.

167 1138 265 1204 15555
288 1155 366 1204 5555
382 1138 433 1203 551
450 1142 534 1222 5551,
558 1137 735 1204 Aeschines
751 1143 859 1203 autem
876 1139 973 1204 etiarn
989 1139 1055 1204 alia
1070 1138 1170 1205 verba
1185 1137 1330 1222 praebet,
1356 1154 1438 1220 quae

168 1246 200 1311 in
217 1246 327 1312 Attica
343 1263 406 1312 non
423 1252 494 1311 orta
511 1263 581 1311 5555
598 1246 813 1312 demonstrari
828 1251 946 1331 potest,
968 1245 1006 1312 cf.
1024 1247 1155 1329 ἱστορία
1170 1266 1201 1329 5.
1215 1248 1310 1328 3055.
1330 1245 1436 1327 φερνή

166 1373 196 1433 p.
211 1355 267 1420 36.
303 1353 374 1418 Etsi
397 1353 484 1419 illius
508 1353 647 1419 oratoris
663 1354 819 1420 55151515
836 1372 1014 1421 sermonem
1030 1355 1171 1420 Atticum
1188 1355 1327 1437 transiit,
1352 1353 1438 1434 apud

167 1460 360 1543 Aeschylum
393 1480 455 1526 vox
487 1461 539 1527 vel
574 1466 707 1543 propter
741 1480 923 1527 mensuram
957 1462 1066 1528 Ionica
1095 1467 1158 1527 est:
1194 1463 1330 1527 alteram
1354 1461 1438 1526 enim

169 1568 326 1651 syllabam
361 1574 437 1635 ante
471 1566 542 1650 -βλ-
566 1569 700 1651 produci
722 1570 902 1635 Atticorum
925 1588 995 1635 mos
1019 1568 1176 1651 nonfuit,
1213 1567 1250 1634 ci.
1277 1570 1316 1634 de
1340 1568 1437 1645 Meas,

167 1676 249 1742 Mus.
272 1676 373 1742 Rhen.
401 1677 496 1758 1903,
533 1696 564 1758 5.
582 1678 646 1742 270
660 1695 706 1758 sq.
736 1682 770 1742 51
800 1696 882 1759 quae
910 1677 1134 1743 adnotavimus
1164 1675 1205 1742 ad
1228 1693 1337 1742 vocem
1360 1674 1438 1740 dao-

167 1782 303 1865 πρόπος
326 1802 356 1865 5.
375 1785 427 1848 43.

707 2038 895 2109 ΠΑΛΟΣ.

275 2211 363 2277 Ρ555.
380 2212 442 2276 778
456 2211 550 2296 (770)
563 2212 649 2279 trim.
666 2211 797 2277 πάλου
814 2213 842 2276 τ’
858 2211 997 2298 ἔκυρσα
1015 2212 1103 2295 Sept.
1120 2213 1160 2276 55
1177 2208 1292 2293 πάλῳ
1309 2209 1437 2294 lapda

169 2317 280 2384 eodem
303 2319 423 2384 sortis
448 2338 544 2385 sensu
568 2319 655 2401 Sept.
680 2322 742 2384 126
764 2317 856 2406 (119)
880 2321 913 2385 15
938 2321 1072 2401 5551155,
1108 2320 1142 2385 15
1172 2319 1323 2385 diverbiis
1347 2318 1437 2401 Sept.

169 2428 231 2490 377
250 2426 354 2508 (359),
380 2429 444 2492 458
461 2424 563 2513 (441),
588 2426 645 2509 Ag.
664 2427 728 2492 333
745 2424 846 2512 (320),
872 2428 961 2494 Eum.
981 2430 1032 2508 32,
1056 2429 1120 2492 742
1136 2425 1238 2513 (732),
1256 2428 1319 2491 753
1337 2423 1437 2512 (743).

169 2534 279 2615 Neque
304 2534 400 2599 aliter
423 2553 500 2601 5555
523 2535 573 2602 551
596 2540 671 2601 5551
687 2534 862 2617 Sophocles
879 2537 954 2601 Ant.
968 2537 1031 2600 275
1048 2536 1132 2600 trim.
1150 2533 1238 2616 κάμὲ
1254 2583 1261 2598 .
1280 2588 1287 2601 .
1305 2582 1312 2598 .
1329 2531 1440 2613 πάλος

168 2639 337 2724 καθαιρεῖ,
365 2642 535 2725 Euripides
562 2643 688 2708 Heracl.
716 2644 789 2723 546,
819 2643 888 2708 155.
912 2644 988 2722 416,
1025 2642 1107 2726 [Iph.
1133 2643 1205 2707 Aul.
1230 2640 1328 2726 1151]
1353 2641 1438 2708 trim.

167 2750 237 2815 Tro.
268 2751 332 2814 263
358 2750 459 2831 chor,
499 2751 686 2833 Lycophron
721 2751 772 2817 Al.
800 2752 899 2831 1154,
929 2753 1023 2814 1267.
1088 2750 1243 2816 Omnibus
1276 2749 1356 2815 locis
1392 2753 1441 2815 551

170 2875 250 2937 sora,
287 2876 382 2940 quam
407 2858 533 2941 Graeci,
569 2877 633 2923 non
658 2859 761 2923 solum
784 2857 893 2940 Attici,
930 2857 1111 2923 sedetiam
1135 2857 1318 2923 Herodotus
1342 2857 1441 2938 tragi-

169 2965 260 3047 cique
283 2969 400 3047 poetae
419 2965 525 3030 solent
541 2984 655 3031 vocare
671 2961 806 3047 κλῆρος.
842 2965 911 3047 Iph.
929 2964 1000 3030 Aul.
1023 2967 1117 3045 1151,
1142 2965 1273 3030 sirecte
1290 2965 1440 3045 traditur,

167 3073 356 3137 vertendum
381 3077 430 3138 551
457 3073 650 3152 „vibratio“;
676 3079 751 3137 sunt
775 3072 859 3138 enirn
883 3072 938 3154 qui
962 3073 1060 3138 scribi
1075 3070 1285 3154 551151πέὸῳ
1302 3072 1352 3138 551
1368 3073 1438 3137 sirn.

273 3181 343 3245 Vox
377 3198 473 3246 sensu
507 3180 649 3245 indicato
684 3179 804 3262 legitur
828 3181 912 3261 apud
935 3181 1135 3245 Herodotum
1159 3179 1218 3245 111.
1236 3182 1290 3259 80,
1314 3180 1367 3247 IV.
1386 3182 1439 3260 94,

172 3287 249 3368 153;
274 3286 381 3352 511555
405 3292 455 3353 551
471 3287 511 3352 ab
529 3289 619 3369 spico
637 3293 669 3353 51
685 3288 792 3352 Attico
810 3306 966 3354 sermone.
1001 3288 1096 3370 Apud
1112 3286 1308 3353 recentiores
1324 3290 1439 3367 poetas

170 3394 300 3475 repperi
316 3394 376 3476 Ap.
392 3394 453 3474 Rh,
476 3393 502 3459 Ι.
520 3394 585 3458 395
611 3398 644 3459 51
665 3392 720 3458 IG.
746 3393 833 3460 sicil.
858 3393 932 3459 Ital.
960 3396 1054 3460 1332.
1080 3397 1099 3457 2
1125 3394 1241 3460 5515115
1265 3392 1439 3457 Romanae.

275 3497 396 3581 Πάλος
423 3501 621 3582 primitivum
650 3507 701 3567 551
734 3500 971 3568 substantivum
1006 3521 1026 3566 a
1057 3503 1168 3583 511555
1193 3500 1283 3567 verbi
1317 3496 1440 3564 πάλλω

171 3607 304 3690 „vibro“
336 3608 517 3675 formatum.
571 3609 662 3687 Quod
685 3608 817 3675 verbum
840 3609 1021 3674 Wittekind
1044 3629 1076 3691 p.
1093 3610 1135 3674 42
1162 3609 1294 3674 Ionibus
1317 3606 1442 3689 tribuit,

169 3716 246 3797 quia
280 3715 401 3798 legitur
429 3718 514 3799 apud
538 3716 722 3797 Homerum,
752 3715 961 3797 Herodotum,
990 3715 1233 3799 Hippocratem,
1264 3734 1329 3780 non
1357 3715 1443 3796 apud

171 3822 295 3889 Atticos
320 3823 495 3905 scriptores
511 3822 549 3889 V.
568 3830 602 3888 et
617 3824 671 3889 IV.
697 3823 828 3889 saeculi.
874 3823 998 3889 Vereor
1021 3828 1193 3889 automno
1216 3822 1344 3905 1515515,
1368 3839 1441 3885 narn

168 3930 267 4012 stirps
282 3927 407 3995 πάλλω
424 3931 684 4014 indogermanica
705 3936 764 4010 est,
790 3930 851 3996 etsi
869 3930 908 3996 de
924 3930 992 3996 eius
1008 3932 1186 4013 veriloquio
1203 3930 1378 4009 dubitatur,
1403 3926 1440 3993 ci.

167 4037 338 4119 Prelluitz,
357 4038 573 4105 5177551551).
592 4035 884 4117 collocabam,
908 4036 1019 4118 πάλος
1041 4038 1096 4103 151.
1116 4036 1263 4112 avallere,
1289 4038 1328 4101 ai.
1348 4036 1444 4102 oblati

169 4146 332 4212 schwanlrt
355 4144 409 4229 (3).
457 4147 560 4212 Voces
589 4150 696 4212 autem
724 4146 847 4227 5515555
878 4146 1038 4211 obsoletas
1068 4146 1164 4228 plane
1188 4144 1379 4210 exclusimus
1404 4143 1444 4209 ob

170 4271 298 4318 cansam
322 4271 420 4336 supra
445 4258 726 4320 commemoratam
749 4250 786 4316 ci.
809 4255 908 4333 512.
948 4253 1108 4320 Ponamus
1133 4257 1239 4317 autom
1264 4249 1387 4317 πάλλω
1411 4252 1445 4317 15

168 4361 337 4444 tragoedia
352 4361 495 4427 Atticum
520 4380 590 4428 5555
607 4360 748 4441 verbnm,
774 4356 1018 4439 155555πάλος,
1044 4361 1119 4442 quia
1136 4364 1256 4426 sortem
1274 4358 1443 4442 significat,

167 4488 228 4534 vox
251 4467 360 4533 Ionica
383 4474 443 4536 551.
491 4469 568 4536 Sors
591 4469 639 4535 ita
662 4472 805 4549 vocatur,
830 4467 905 4548 quia
927 4485 1040 4532 urnam
1064 4469 1115 4533 vel
1140 4467 1264 4550 galeam
1288 4466 1443 4533 vibrando

169 4574 399 4658 sortiebantur,
431 4577 516 4659 quod
538 4577 613 4643 inde
636 4574 676 4642 ab
700 4581 809 4643 aetate
832 4574 965 4641 Homeri
993 4573 1066 4641 fieri
1094 4575 1229 4657 solebat,
1266 4574 1304 4641 cf.
1328 4569 1367 4636 H
1382 4574 1441 4637 171

225 4678 295 4733 ary,
309 4680 342 4722 ne
357 4681 464 4744 555555
478 4681 540 4735 copi·
553 4679 678 4732 vernorum.
1250 4681 1266 4736 3
