<?xml version="1.0" encoding="UTF-8"?>
<!DOCTYPE html PUBLIC "-//W3C//DTD XHTML 1.0 Transitional//EN"
    "http://www.w3.org/TR/xhtml1/DTD/xhtml1-transitional.dtd">
<html xmlns="http://www.w3.org/1999/xhtml" xml:lang="en" lang="en">
 <head>
  <title>
</title>
<meta http-equiv="Content-Type" content="text/html;charset=utf-8" />
  <meta name='ocr-system' content='tesseract 3.04.00' />
  <meta name='ocr-capabilities' content='ocr_page ocr_carea ocr_par ocr_line ocrx_word'/>
</head>
<body>
  <div class='ocr_page' id='page_1' title='image "./deaeschylicopia01alygoog_0098.png"; bbox 0 0 3232 5176; ppageno 0'>
   <div class='ocr_carea' id='block_1_1' title="bbox 581 286 794 350">
    <p class='ocr_par' dir='ltr' id='par_1_1' title="bbox 581 286 794 350">
     <span class='ocr_line' id='line_1_1' title="bbox 581 286 794 350; baseline -0.009 -18"><span class='ocrx_word' id='word_1_1' title='bbox 581 286 794 350; x_wconf 65' lang='lat'><strong>..33-</strong></span> 
     </span>
    </p>
   </div>
   <div class='ocr_carea' id='block_1_2' title="bbox 52 457 1343 3991">
    <p class='ocr_par' dir='ltr' id='par_1_2' title="bbox 52 457 1337 1623">
     <span class='ocr_line' id='line_1_2' title="bbox 53 457 1332 542; baseline -0.004 -12"><span class='ocrx_word' id='word_1_2' title='bbox 53 469 126 530; x_wconf 90' lang='lat' dir='ltr'>tum</span> <span class='ocrx_word' id='word_1_3' title='bbox 150 483 213 529; x_wconf 94' lang='lat' dir='ltr'>non</span> <span class='ocrx_word' id='word_1_4' title='bbox 239 468 298 528; x_wconf 88' lang='lat' dir='ltr'>cst.</span> <span class='ocrx_word' id='word_1_5' title='bbox 344 461 464 528; x_wconf 81' lang='lat' dir='ltr'>Herod.</span> <span class='ocrx_word' id='word_1_6' title='bbox 490 463 543 528; x_wconf 94' lang='lat' dir='ltr'>IV.</span> <span class='ocrx_word' id='word_1_7' title='bbox 573 465 631 528; x_wconf 88' lang='lat'>131</span> <span class='ocrx_word' id='word_1_8' title='bbox 664 460 765 528; x_wconf 81' lang='grc' dir='ltr'><strong><em>οὐδέν</em></strong></span> <span class='ocrx_word' id='word_1_9' title='bbox 789 463 821 527; x_wconf 82' lang='lat' dir='ltr'>oi</span> <span class='ocrx_word' id='word_1_10' title='bbox 843 457 1100 526; x_wconf 82' lang='grc' dir='ltr'><strong><em>ἐπεστάλδαι</em></strong></span> <span class='ocrx_word' id='word_1_11' title='bbox 1124 457 1209 525; x_wconf 84' lang='grc' dir='ltr'><strong><em>ἄλλο</em></strong></span> <span class='ocrx_word' id='word_1_12' title='bbox 1232 458 1278 542; x_wconf 90' lang='grc' dir='ltr'>ῆ.</span> <span class='ocrx_word' id='word_1_13' title='bbox 1300 510 1332 525; x_wconf 91' lang='grc'>..</span> 
     </span>
     <span class='ocr_line' id='line_1_3' title="bbox 53 567 1334 652; baseline -0.003 -15"><span class='ocrx_word' id='word_1_14' title='bbox 53 572 159 650; x_wconf 81' lang='lat' dir='ltr'>„nihil</span> <span class='ocrx_word' id='word_1_15' title='bbox 185 573 247 639; x_wconf 84' lang='lat' dir='ltr'>sibi</span> <span class='ocrx_word' id='word_1_16' title='bbox 270 571 458 636; x_wconf 88' lang='lat' dir='ltr'>mandatum</span> <span class='ocrx_word' id='word_1_17' title='bbox 482 590 554 638; x_wconf 89' lang='lat' dir='ltr'>esse</span> <span class='ocrx_word' id='word_1_18' title='bbox 578 572 662 636; x_wconf 87' lang='lat' dir='ltr'>nisi.</span> <span class='ocrx_word' id='word_1_19' title='bbox 678 621 685 636; x_wconf 92' lang='lat'><strong>.</strong></span> <span class='ocrx_word' id='word_1_20' title='bbox 701 577 742 652; x_wconf 88' lang='lat'>.“‚</span> <span class='ocrx_word' id='word_1_21' title='bbox 778 570 834 636; x_wconf 89' lang='lat' dir='ltr'>VI.</span> <span class='ocrx_word' id='word_1_22' title='bbox 859 571 889 650; x_wconf 84' lang='lat'>3,</span> <span class='ocrx_word' id='word_1_23' title='bbox 915 571 967 650; x_wconf 86' lang='grc'>97,</span> <span class='ocrx_word' id='word_1_24' title='bbox 995 567 1063 634; x_wconf 93' lang='lat' dir='ltr'><strong>VII.</strong></span> <span class='ocrx_word' id='word_1_25' title='bbox 1090 569 1153 632; x_wconf 91' lang='grc'>223</span> <span class='ocrx_word' id='word_1_26' title='bbox 1179 568 1274 634; x_wconf 90' lang='lat' dir='ltr'>simil.</span> <span class='ocrx_word' id='word_1_27' title='bbox 1300 573 1334 633; x_wconf 94' lang='lat' dir='ltr'>et</span> 
     </span>
     <span class='ocr_line' id='line_1_4' title="bbox 52 673 1337 762; baseline -0.005 -17"><span class='ocrx_word' id='word_1_28' title='bbox 52 679 109 745; x_wconf 92' lang='lat' dir='ltr'>IV.</span> <span class='ocrx_word' id='word_1_29' title='bbox 131 680 251 760; x_wconf 84' lang='grc' dir='ltr'>1οτῆς</span> <span class='ocrx_word' id='word_1_30' title='bbox 274 676 506 761; x_wconf 75' lang='grc' dir='ltr'><strong><em>ἐπιστολῆς</em></strong></span> <span class='ocrx_word' id='word_1_31' title='bbox 529 679 748 762; x_wconf 76' lang='grc' dir='ltr'><em>μεμνημένην</em></span> <span class='ocrx_word' id='word_1_32' title='bbox 765 676 882 759; x_wconf 80' lang='grc' dir='ltr'><strong><em>αὐτήν,</em></strong></span> <span class='ocrx_word' id='word_1_33' title='bbox 907 676 960 741; x_wconf 92' lang='lat' dir='ltr'>VI.</span> <span class='ocrx_word' id='word_1_34' title='bbox 986 677 1028 741; x_wconf 85' lang='lat'>50</span> <span class='ocrx_word' id='word_1_35' title='bbox 1053 673 1145 756; x_wconf 79' lang='grc' dir='ltr'><strong><em>ἔλεγε</em></strong></span> <span class='ocrx_word' id='word_1_36' title='bbox 1167 677 1277 743; x_wconf 79' lang='grc' dir='ltr'><strong><em>ταῦτα</em></strong></span> <span class='ocrx_word' id='word_1_37' title='bbox 1300 673 1337 756; x_wconf 84' lang='grc' dir='ltr'>ἐξ</span> 
     </span>
     <span class='ocr_line' id='line_1_5' title="bbox 55 783 1336 869; baseline -0.003 -19"><span class='ocrx_word' id='word_1_38' title='bbox 55 783 276 867; x_wconf 76' lang='grc' dir='ltr'><strong><em>ἐπιστολῆς</em></strong></span> <span class='ocrx_word' id='word_1_39' title='bbox 309 789 371 868; x_wconf 88' lang='grc' dir='ltr'>τῆς</span> <span class='ocrx_word' id='word_1_40' title='bbox 405 783 622 869; x_wconf 75' lang='grc' dir='ltr'><em>Δημαρήτου,</em></span> <span class='ocrx_word' id='word_1_41' title='bbox 662 805 723 865; x_wconf 84' lang='lat' dir='ltr'>„ex</span> <span class='ocrx_word' id='word_1_42' title='bbox 764 785 915 851; x_wconf 91' lang='lat' dir='ltr'>mandato</span> <span class='ocrx_word' id='word_1_43' title='bbox 952 783 1152 862; x_wconf 81' lang='lat' dir='ltr'>Demarati“‚</span> <span class='ocrx_word' id='word_1_44' title='bbox 1192 802 1257 848; x_wconf 93' lang='lat' dir='ltr'>uon</span> <span class='ocrx_word' id='word_1_45' title='bbox 1297 800 1336 846; x_wconf 85' lang='lat' dir='ltr'>ex</span> 
     </span>
     <span class='ocr_line' id='line_1_6' title="bbox 53 889 1337 975; baseline -0.003 -17"><span class='ocrx_word' id='word_1_46' title='bbox 53 893 187 961; x_wconf 90' lang='lat' dir='ltr'>litteris.</span> <span class='ocrx_word' id='word_1_47' title='bbox 235 893 356 960; x_wconf 83' lang='lat' dir='ltr'>Contra</span> <span class='ocrx_word' id='word_1_48' title='bbox 373 890 562 959; x_wconf 75' lang='grc' dir='ltr'><strong><em>ἐπιστέλλω</em></strong></span> <span class='ocrx_word' id='word_1_49' title='bbox 579 895 710 961; x_wconf 88' lang='lat' dir='ltr'>noti0ne</span> <span class='ocrx_word' id='word_1_50' title='bbox 727 894 833 959; x_wconf 93' lang='lat' dir='ltr'>media</span> <span class='ocrx_word' id='word_1_51' title='bbox 850 896 1026 975; x_wconf 87' lang='lat' dir='ltr'>usurpatur</span> <span class='ocrx_word' id='word_1_52' title='bbox 1047 890 1105 956; x_wconf 93' lang='lat' dir='ltr'><strong>III.</strong></span> <span class='ocrx_word' id='word_1_53' title='bbox 1131 892 1174 955; x_wconf 87' lang='grc'>40</span> <span class='ocrx_word' id='word_1_54' title='bbox 1199 889 1337 972; x_wconf 82' lang='grc' dir='ltr'><em>γράψας</em></span> 
     </span>
     <span class='ocr_line' id='line_1_7' title="bbox 56 997 1336 1084; baseline -0.002 -18"><span class='ocrx_word' id='word_1_55' title='bbox 56 1002 104 1082; x_wconf 80' lang='grc' dir='ltr'>εἰς</span> <span class='ocrx_word' id='word_1_56' title='bbox 126 998 259 1084; x_wconf 80' lang='grc' dir='ltr'>βιβλίον</span> <span class='ocrx_word' id='word_1_57' title='bbox 282 998 365 1066; x_wconf 88' lang='grc' dir='ltr'><strong><em>τάδε</em></strong></span> <span class='ocrx_word' id='word_1_58' title='bbox 388 1000 604 1067; x_wconf 82' lang='grc' dir='ltr'><strong><em>ἐπέστειλε</em></strong></span> <span class='ocrx_word' id='word_1_59' title='bbox 628 1001 663 1082; x_wconf 88' lang='grc' dir='ltr'>ἐς</span> <span class='ocrx_word' id='word_1_60' title='bbox 687 999 816 1084; x_wconf 83' lang='grc' dir='ltr'><em>Σάμον,</em></span> <span class='ocrx_word' id='word_1_61' title='bbox 841 1001 876 1066; x_wconf 95' lang='lat' dir='ltr'>id</span> <span class='ocrx_word' id='word_1_62' title='bbox 899 1005 950 1065; x_wconf 91' lang='lat' dir='ltr'>est</span> <span class='ocrx_word' id='word_1_63' title='bbox 976 1017 1056 1083; x_wconf 90' lang='lat' dir='ltr'>„per</span> <span class='ocrx_word' id='word_1_64' title='bbox 1070 999 1200 1065; x_wconf 85' lang='lat' dir='ltr'>litteras</span> <span class='ocrx_word' id='word_1_65' title='bbox 1218 997 1336 1064; x_wconf 82' lang='lat' dir='ltr'>Samiis</span> 
     </span>
     <span class='ocr_line' id='line_1_8' title="bbox 56 1106 1336 1192; baseline -0.004 -17"><span class='ocrx_word' id='word_1_66' title='bbox 56 1110 250 1192; x_wconf 85' lang='lat' dir='ltr'>nuntiarit“,</span> <span class='ocrx_word' id='word_1_67' title='bbox 286 1108 343 1174; x_wconf 92' lang='lat' dir='ltr'>ubi</span> <span class='ocrx_word' id='word_1_68' title='bbox 377 1111 409 1174; x_wconf 93' lang='lat' dir='ltr'>in</span> <span class='ocrx_word' id='word_1_69' title='bbox 434 1116 549 1192; x_wconf 90' lang='lat' dir='ltr'>aperto</span> <span class='ocrx_word' id='word_1_70' title='bbox 578 1115 629 1177; x_wconf 91' lang='lat' dir='ltr'>est</span> <span class='ocrx_word' id='word_1_71' title='bbox 651 1110 853 1175; x_wconf 91' lang='lat' dir='ltr'>Herodotum</span> <span class='ocrx_word' id='word_1_72' title='bbox 888 1108 1016 1174; x_wconf 78' lang='lat' dir='ltr'><strong>litteras</strong></span> <span class='ocrx_word' id='word_1_73' title='bbox 1051 1125 1115 1172; x_wconf 93' lang='lat' dir='ltr'>non</span> <span class='ocrx_word' id='word_1_74' title='bbox 1151 1106 1336 1189; x_wconf 85' lang='lat' dir='ltr'>appellasse</span> 
     </span>
     <span class='ocr_line' id='line_1_9' title="bbox 57 1212 1334 1299; baseline -0.004 -18"><span class='ocrx_word' id='word_1_75' title='bbox 57 1215 253 1299; x_wconf 85' lang='grc' dir='ltr'><strong><em>ἐπιστολήν,</em></strong></span> <span class='ocrx_word' id='word_1_76' title='bbox 289 1235 362 1282; x_wconf 89' lang='lat' dir='ltr'>nam</span> <span class='ocrx_word' id='word_1_77' title='bbox 397 1217 589 1299; x_wconf 78' lang='lat' dir='ltr'>nonomen,</span> <span class='ocrx_word' id='word_1_78' title='bbox 627 1237 697 1283; x_wconf 90' lang='lat' dir='ltr'>cum</span> <span class='ocrx_word' id='word_1_79' title='bbox 732 1236 795 1282; x_wconf 92' lang='lat' dir='ltr'>non</span> <span class='ocrx_word' id='word_1_80' title='bbox 819 1212 952 1299; x_wconf 80' lang='grc' dir='ltr'>βιβλίον</span> <span class='ocrx_word' id='word_1_81' title='bbox 981 1215 1060 1280; x_wconf 92' lang='lat' dir='ltr'>illud</span> <span class='ocrx_word' id='word_1_82' title='bbox 1090 1215 1138 1279; x_wconf 91' lang='lat' dir='ltr'>ita</span> <span class='ocrx_word' id='word_1_83' title='bbox 1160 1214 1334 1280; x_wconf 85' lang='lat' dir='ltr'>vocaverit.</span> 
     </span>
     <span class='ocr_line' id='line_1_10' title="bbox 58 1321 1337 1410; baseline -0.003 -20"><span class='ocrx_word' id='word_1_84' title='bbox 58 1324 119 1390; x_wconf 91' lang='lat' dir='ltr'>Ubi</span> <span class='ocrx_word' id='word_1_85' title='bbox 152 1325 313 1406; x_wconf 83' lang='lat' dir='ltr'>epistulae</span> <span class='ocrx_word' id='word_1_86' title='bbox 337 1325 532 1390; x_wconf 84' lang='lat' dir='ltr'>mentionem</span> <span class='ocrx_word' id='word_1_87' title='bbox 562 1323 650 1410; x_wconf 81' lang='lat' dir='ltr'>facit,</span> <span class='ocrx_word' id='word_1_88' title='bbox 687 1343 757 1390; x_wconf 91' lang='lat' dir='ltr'>eam</span> <span class='ocrx_word' id='word_1_89' title='bbox 781 1328 876 1390; x_wconf 84' lang='lat' dir='ltr'>uocat</span> <span class='ocrx_word' id='word_1_90' title='bbox 899 1323 1038 1406; x_wconf 75' lang='grc' dir='ltr'><em>γράμμα</em></span> <span class='ocrx_word' id='word_1_91' title='bbox 1072 1323 1124 1389; x_wconf 85' lang='lat' dir='ltr'>rel</span> <span class='ocrx_word' id='word_1_92' title='bbox 1147 1321 1261 1404; x_wconf 77' lang='grc' dir='ltr'><strong><em>γραφή</em></strong></span> <span class='ocrx_word' id='word_1_93' title='bbox 1285 1322 1337 1388; x_wconf 85' lang='lat' dir='ltr'>rel</span> 
     </span>
     <span class='ocr_line' id='line_1_11' title="bbox 58 1427 1337 1514; baseline -0.002 -19"><span class='ocrx_word' id='word_1_94' title='bbox 58 1427 199 1495; x_wconf 89' lang='grc' dir='ltr'><strong><em>δελτίον.</em></strong></span> <span class='ocrx_word' id='word_1_95' title='bbox 248 1431 381 1496; x_wconf 86' lang='lat' dir='ltr'>Accedit</span> <span class='ocrx_word' id='word_1_96' title='bbox 404 1432 476 1498; x_wconf 84' lang='lat' dir='ltr'><strong>VII.</strong></span> <span class='ocrx_word' id='word_1_97' title='bbox 503 1433 564 1496; x_wconf 84' lang='lat'>139</span> <span class='ocrx_word' id='word_1_98' title='bbox 591 1430 838 1497; x_wconf 80' lang='grc' dir='ltr'><strong><em>ἐπέστειλαν</em></strong></span> <span class='ocrx_word' id='word_1_99' title='bbox 858 1432 1139 1514; x_wconf 87' lang='lat' dir='ltr'>.„nuntiarerunt“</span> <span class='ocrx_word' id='word_1_100' title='bbox 1169 1447 1212 1496; x_wconf 86' lang='lat' dir='ltr'>nc.</span> <span class='ocrx_word' id='word_1_101' title='bbox 1237 1428 1337 1494; x_wconf 88' lang='lat' dir='ltr'>Lace-</span> 
     </span>
     <span class='ocr_line' id='line_1_12' title="bbox 58 1538 1152 1623; baseline -0.001 -19"><span class='ocrx_word' id='word_1_102' title='bbox 58 1538 217 1607; x_wconf 88' lang='lat' dir='ltr'>daemonii</span> <span class='ocrx_word' id='word_1_103' title='bbox 239 1539 374 1622; x_wconf 91' lang='lat' dir='ltr'>reliquis</span> <span class='ocrx_word' id='word_1_104' title='bbox 399 1538 542 1619; x_wconf 85' lang='lat' dir='ltr'>Graecis,</span> <span class='ocrx_word' id='word_1_105' title='bbox 568 1540 653 1623; x_wconf 93' lang='lat' dir='ltr'>quod</span> <span class='ocrx_word' id='word_1_106' title='bbox 676 1541 872 1607; x_wconf 82' lang='lat' dir='ltr'>Demaratus</span> <span class='ocrx_word' id='word_1_107' title='bbox 897 1541 943 1607; x_wconf 92' lang='lat' dir='ltr'>eis</span> <span class='ocrx_word' id='word_1_108' title='bbox 967 1540 1152 1622; x_wconf 88' lang='lat' dir='ltr'>scripserat.</span> 
     </span>
    </p>

    <p class='ocr_par' dir='ltr' id='par_1_3' title="bbox 54 1645 1343 3991">
     <span class='ocr_line' id='line_1_13' title="bbox 163 1645 1332 1729; baseline -0.002 -18"><span class='ocrx_word' id='word_1_109' title='bbox 163 1647 258 1728; x_wconf 85' lang='lat' dir='ltr'>Apud</span> <span class='ocrx_word' id='word_1_110' title='bbox 282 1646 497 1712; x_wconf 82' lang='lat' dir='ltr'>Athenienses</span> <span class='ocrx_word' id='word_1_111' title='bbox 533 1649 595 1713; x_wconf 94' lang='lat' dir='ltr'>duo</span> <span class='ocrx_word' id='word_1_112' title='bbox 621 1646 747 1713; x_wconf 84' lang='lat' dir='ltr'>Oratini</span> <span class='ocrx_word' id='word_1_113' title='bbox 771 1646 954 1729; x_wconf 80' lang='lat' dir='ltr'>lragmenta</span> <span class='ocrx_word' id='word_1_114' title='bbox 989 1647 1079 1713; x_wconf 92' lang='lat' dir='ltr'>dubii</span> <span class='ocrx_word' id='word_1_115' title='bbox 1113 1645 1210 1727; x_wconf 87' lang='lat' dir='ltr'>plena</span> <span class='ocrx_word' id='word_1_116' title='bbox 1244 1650 1332 1727; x_wconf 89' lang='lat' dir='ltr'>sunt,</span> 
     </span>
     <span class='ocr_line' id='line_1_14' title="bbox 57 1749 1336 1838; baseline -0.002 -19"><span class='ocrx_word' id='word_1_117' title='bbox 57 1755 117 1837; x_wconf 80' lang='lat' dir='ltr'>hg.</span> <span class='ocrx_word' id='word_1_118' title='bbox 143 1755 207 1819; x_wconf 85' lang='grc'>285</span> <span class='ocrx_word' id='word_1_119' title='bbox 232 1755 337 1836; x_wconf 91' lang='lat' dir='ltr'>(Kock</span> <span class='ocrx_word' id='word_1_120' title='bbox 359 1754 384 1820; x_wconf 94' lang='lat' dir='ltr'>I.</span> <span class='ocrx_word' id='word_1_121' title='bbox 411 1757 462 1828; x_wconf 84' lang='lat'>96,</span> <span class='ocrx_word' id='word_1_122' title='bbox 488 1755 563 1823; x_wconf 90' lang='lat' dir='ltr'>Mei.</span> <span class='ocrx_word' id='word_1_123' title='bbox 580 1754 622 1822; x_wconf 92' lang='lat' dir='ltr'>II.</span> <span class='ocrx_word' id='word_1_124' title='bbox 649 1755 728 1838; x_wconf 85' lang='grc'>231)</span> <span class='ocrx_word' id='word_1_125' title='bbox 753 1752 858 1820; x_wconf 84' lang='grc' dir='ltr'><strong><em>ἄκουε</em></strong></span> <span class='ocrx_word' id='word_1_126' title='bbox 880 1753 983 1838; x_wconf 92' lang='grc' dir='ltr'><strong><em>τήνδε</em></strong></span> <span class='ocrx_word' id='word_1_127' title='bbox 1010 1754 1074 1837; x_wconf 91' lang='grc' dir='ltr'>τῆν</span> <span class='ocrx_word' id='word_1_128' title='bbox 1098 1749 1336 1833; x_wconf 89' lang='grc' dir='ltr'><strong><em>ἐπιστολήν.</em></strong></span> 
     </span>
     <span class='ocr_line' id='line_1_15' title="bbox 56 1858 1336 1946; baseline -0.003 -20"><span class='ocrx_word' id='word_1_129' title='bbox 56 1861 92 1926; x_wconf 94' lang='lat' dir='ltr'>Id</span> <span class='ocrx_word' id='word_1_130' title='bbox 107 1861 161 1928; x_wconf 84' lang='lat' dir='ltr'>rix</span> <span class='ocrx_word' id='word_1_131' title='bbox 178 1860 286 1927; x_wconf 88' lang='lat' dir='ltr'>differt</span> <span class='ocrx_word' id='word_1_132' title='bbox 302 1861 342 1927; x_wconf 92' lang='lat' dir='ltr'>ab</span> <span class='ocrx_word' id='word_1_133' title='bbox 359 1862 510 1944; x_wconf 82' lang='lat' dir='ltr'>Aeschyli</span> <span class='ocrx_word' id='word_1_134' title='bbox 533 1861 594 1944; x_wconf 82' lang='lat' dir='ltr'>lrg.</span> <span class='ocrx_word' id='word_1_135' title='bbox 620 1864 683 1926; x_wconf 92' lang='grc'>293</span> <span class='ocrx_word' id='word_1_136' title='bbox 709 1865 753 1944; x_wconf 80' lang='lat' dir='ltr'>(r.</span> <span class='ocrx_word' id='word_1_137' title='bbox 778 1864 900 1946; x_wconf 87' lang='lat' dir='ltr'>supra),</span> <span class='ocrx_word' id='word_1_138' title='bbox 925 1864 986 1929; x_wconf 91' lang='lat' dir='ltr'>etsi</span> <span class='ocrx_word' id='word_1_139' title='bbox 1007 1863 1128 1928; x_wconf 92' lang='lat' dir='ltr'>nullam</span> <span class='ocrx_word' id='word_1_140' title='bbox 1145 1858 1336 1925; x_wconf 83' lang='lat' dir='ltr'>imitationis</span> 
     </span>
     <span class='ocr_line' id='line_1_16' title="bbox 56 1963 1338 2050; baseline 0.002 -21"><span class='ocrx_word' id='word_1_141' title='bbox 56 1969 166 2030; x_wconf 91' lang='lat' dir='ltr'>notam</span> <span class='ocrx_word' id='word_1_142' title='bbox 181 1964 295 2045; x_wconf 82' lang='lat' dir='ltr'>habet3</span> <span class='ocrx_word' id='word_1_143' title='bbox 321 1970 354 2031; x_wconf 89' lang='lat' dir='ltr'>et</span> <span class='ocrx_word' id='word_1_144' title='bbox 370 1963 429 2046; x_wconf 83' lang='lat' dir='ltr'>frg.</span> <span class='ocrx_word' id='word_1_145' title='bbox 449 1967 514 2029; x_wconf 88' lang='grc'>224</span> <span class='ocrx_word' id='word_1_146' title='bbox 539 1966 644 2050; x_wconf 89' lang='lat' dir='ltr'>(Koch</span> <span class='ocrx_word' id='word_1_147' title='bbox 667 1965 692 2030; x_wconf 93' lang='lat' dir='ltr'>I.</span> <span class='ocrx_word' id='word_1_148' title='bbox 718 1967 771 2048; x_wconf 90' lang='grc'>81,</span> <span class='ocrx_word' id='word_1_149' title='bbox 795 1965 870 2032; x_wconf 90' lang='lat' dir='ltr'>Mei.</span> <span class='ocrx_word' id='word_1_150' title='bbox 894 1965 936 2031; x_wconf 93' lang='lat' dir='ltr'>II.</span> <span class='ocrx_word' id='word_1_151' title='bbox 963 1967 1040 2045; x_wconf 85' lang='grc'>142)</span> <span class='ocrx_word' id='word_1_152' title='bbox 1065 1964 1235 2049; x_wconf 79' lang='grc' dir='ltr'><strong><em>ἐπέδηιιεν</em></strong></span> <span class='ocrx_word' id='word_1_153' title='bbox 1259 1965 1338 2031; x_wconf 89' lang='grc' dir='ltr'><strong><em>ἐπι-</em></strong></span> 
     </span>
     <span class='ocr_line' id='line_1_17' title="bbox 56 2068 1339 2156; baseline 0.004 -20"><span class='ocrx_word' id='word_1_154' title='bbox 56 2068 219 2154; x_wconf 91' lang='grc' dir='ltr'><strong><em>στολήν.</em></strong></span> <span class='ocrx_word' id='word_1_155' title='bbox 266 2071 355 2138; x_wconf 89' lang='lat' dir='ltr'>Haec</span> <span class='ocrx_word' id='word_1_156' title='bbox 378 2072 477 2137; x_wconf 88' lang='lat' dir='ltr'>verba</span> <span class='ocrx_word' id='word_1_157' title='bbox 504 2091 564 2154; x_wconf 88' lang='lat' dir='ltr'>per</span> <span class='ocrx_word' id='word_1_158' title='bbox 582 2091 617 2138; x_wconf 87' lang='lat' dir='ltr'>se</span> <span class='ocrx_word' id='word_1_159' title='bbox 641 2073 794 2153; x_wconf 81' lang='lat' dir='ltr'>ambigua</span> <span class='ocrx_word' id='word_1_160' title='bbox 816 2074 1065 2156; x_wconf 82' lang='lat' dir='ltr'>Harpocration,</span> <span class='ocrx_word' id='word_1_161' title='bbox 1102 2075 1153 2140; x_wconf 89' lang='lat' dir='ltr'>oui</span> <span class='ocrx_word' id='word_1_162' title='bbox 1177 2094 1216 2141; x_wconf 86' lang='lat' dir='ltr'>ea</span> <span class='ocrx_word' id='word_1_163' title='bbox 1239 2075 1339 2142; x_wconf 90' lang='lat' dir='ltr'>debe·</span> 
     </span>
     <span class='ocr_line' id='line_1_18' title="bbox 56 2179 1337 2265; baseline 0.003 -21"><span class='ocrx_word' id='word_1_164' title='bbox 56 2199 136 2260; x_wconf 89' lang='lat' dir='ltr'>mus,</span> <span class='ocrx_word' id='word_1_165' title='bbox 162 2180 323 2245; x_wconf 86' lang='lat' dir='ltr'>intellexit</span> <span class='ocrx_word' id='word_1_166' title='bbox 347 2179 435 2246; x_wconf 86' lang='lat' dir='ltr'>velut</span> <span class='ocrx_word' id='word_1_167' title='bbox 459 2180 626 2246; x_wconf 90' lang='lat' dir='ltr'>Demosth.</span> <span class='ocrx_word' id='word_1_168' title='bbox 652 2181 703 2247; x_wconf 87' lang='grc'>34.</span> <span class='ocrx_word' id='word_1_169' title='bbox 722 2182 763 2245; x_wconf 88' lang='grc'>28</span> <span class='ocrx_word' id='word_1_170' title='bbox 792 2182 971 2254; x_wconf 82' lang='lat' dir='ltr'>..commisit</span> <span class='ocrx_word' id='word_1_171' title='bbox 995 2183 1200 2264; x_wconf 88' lang='lat' dir='ltr'>epistulam“‚</span> <span class='ocrx_word' id='word_1_172' title='bbox 1226 2202 1337 2265; x_wconf 89' lang='lat' dir='ltr'>quarn-</span> 
     </span>
     <span class='ocr_line' id='line_1_19' title="bbox 56 2285 1334 2370; baseline 0.004 -18"><span class='ocrx_word' id='word_1_173' title='bbox 56 2306 152 2370; x_wconf 92' lang='lat' dir='ltr'>quam</span> <span class='ocrx_word' id='word_1_174' title='bbox 187 2292 297 2369; x_wconf 91' lang='lat' dir='ltr'>potest</span> <span class='ocrx_word' id='word_1_175' title='bbox 333 2288 431 2352; x_wconf 90' lang='lat' dir='ltr'>etiam</span> <span class='ocrx_word' id='word_1_176' title='bbox 467 2285 651 2368; x_wconf 81' lang='lat' dir='ltr'>significare</span> <span class='ocrx_word' id='word_1_177' title='bbox 687 2290 930 2368; x_wconf 87' lang='lat' dir='ltr'>„mandatum“.</span> <span class='ocrx_word' id='word_1_178' title='bbox 987 2290 1190 2355; x_wconf 92' lang='lat' dir='ltr'>Perlucidior</span> <span class='ocrx_word' id='word_1_179' title='bbox 1224 2296 1334 2357; x_wconf 89' lang='lat' dir='ltr'>autem</span> 
     </span>
     <span class='ocr_line' id='line_1_20' title="bbox 57 2394 1338 2479; baseline 0.003 -21"><span class='ocrx_word' id='word_1_180' title='bbox 57 2394 284 2478; x_wconf 87' lang='lat' dir='ltr'>Aristophanis</span> <span class='ocrx_word' id='word_1_181' title='bbox 307 2394 396 2460; x_wconf 91' lang='lat' dir='ltr'>locus</span> <span class='ocrx_word' id='word_1_182' title='bbox 421 2400 471 2460; x_wconf 92' lang='lat' dir='ltr'>est</span> <span class='ocrx_word' id='word_1_183' title='bbox 494 2395 567 2460; x_wconf 89' lang='lat' dir='ltr'>nub.</span> <span class='ocrx_word' id='word_1_184' title='bbox 597 2395 659 2459; x_wconf 80' lang='lat'>608</span> <span class='ocrx_word' id='word_1_185' title='bbox 684 2394 786 2462; x_wconf 89' lang='lat' dir='ltr'>troch.</span> <span class='ocrx_word' id='word_1_186' title='bbox 818 2396 851 2460; x_wconf 94' lang='lat' dir='ltr'>in</span> <span class='ocrx_word' id='word_1_187' title='bbox 875 2396 988 2478; x_wconf 91' lang='lat' dir='ltr'>parab.</span> <span class='ocrx_word' id='word_1_188' title='bbox 1012 2396 1034 2479; x_wconf 86' lang='grc' dir='ltr'><strong><em>ῆ</em></strong></span> <span class='ocrx_word' id='word_1_189' title='bbox 1059 2394 1192 2479; x_wconf 82' lang='grc' dir='ltr'><strong><em>Σελήνη</em></strong></span> <span class='ocrx_word' id='word_1_190' title='bbox 1218 2415 1338 2462; x_wconf 90' lang='grc' dir='ltr'><strong><em>σοντα-</em></strong></span> 
     </span>
     <span class='ocr_line' id='line_1_21' title="bbox 54 2495 1337 2583; baseline 0.006 -21"><span class='ocrx_word' id='word_1_191' title='bbox 54 2497 152 2579; x_wconf 76' lang='grc' dir='ltr'><strong><em>χοῆσ</em></strong></span> <span class='ocrx_word' id='word_1_192' title='bbox 188 2497 271 2580; x_wconf 87' lang='grc' dir='ltr'>ῆμῖν</span> <span class='ocrx_word' id='word_1_193' title='bbox 295 2495 532 2581; x_wconf 75' lang='grc' dir='ltr'><strong><em>ἐπξέστειλεν</em></strong></span> <span class='ocrx_word' id='word_1_194' title='bbox 568 2497 707 2579; x_wconf 83' lang='grc' dir='ltr'><strong><em>φράσαι.</em></strong></span> <span class='ocrx_word' id='word_1_195' title='bbox 753 2498 861 2564; x_wconf 87' lang='lat' dir='ltr'>Etiam</span> <span class='ocrx_word' id='word_1_196' title='bbox 886 2500 1086 2583; x_wconf 86' lang='lat' dir='ltr'>Thucydides</span> <span class='ocrx_word' id='word_1_197' title='bbox 1122 2503 1171 2568; x_wconf 91' lang='lat' dir='ltr'>ita</span> <span class='ocrx_word' id='word_1_198' title='bbox 1204 2504 1337 2570; x_wconf 88' lang='lat' dir='ltr'>verbum</span> 
     </span>
     <span class='ocr_line' id='line_1_22' title="bbox 57 2601 1338 2693; baseline 0.005 -23"><span class='ocrx_word' id='word_1_199' title='bbox 57 2609 196 2687; x_wconf 90' lang='lat' dir='ltr'>usurpat</span> <span class='ocrx_word' id='word_1_200' title='bbox 219 2605 307 2669; x_wconf 90' lang='lat' dir='ltr'>velut</span> <span class='ocrx_word' id='word_1_201' title='bbox 330 2604 355 2670; x_wconf 93' lang='lat' dir='ltr'>I.</span> <span class='ocrx_word' id='word_1_202' title='bbox 382 2607 422 2668; x_wconf 79' lang='lat'>57</span> <span class='ocrx_word' id='word_1_203' title='bbox 449 2601 659 2690; x_wconf 66' lang='lat' dir='ltr'>(Adueniet)</span> <span class='ocrx_word' id='word_1_204' title='bbox 684 2602 972 2672; x_wconf 87' lang='grc' dir='ltr'><strong><em>ἐπιστέλλοοσι</em></strong></span> <span class='ocrx_word' id='word_1_205' title='bbox 1000 2613 1074 2689; x_wconf 88' lang='grc' dir='ltr'><strong><em>τοῖς</em></strong></span> <span class='ocrx_word' id='word_1_206' title='bbox 1098 2607 1239 2693; x_wconf 81' lang='grc' dir='ltr'><strong><em>ἄρχουσι</em></strong></span> <span class='ocrx_word' id='word_1_207' title='bbox 1266 2615 1338 2677; x_wconf 85' lang='grc' dir='ltr'>τῶν</span> 
     </span>
     <span class='ocr_line' id='line_1_23' title="bbox 58 2708 1337 2796; baseline 0.005 -19"><span class='ocrx_word' id='word_1_208' title='bbox 58 2713 148 2777; x_wconf 87' lang='grc' dir='ltr'><strong><em>νεῶν</em></strong></span> <span class='ocrx_word' id='word_1_209' title='bbox 163 2708 406 2776; x_wconf 77' lang='grc' dir='ltr'><strong><em>Ποτιδαιατῶν</em></strong></span> <span class='ocrx_word' id='word_1_210' title='bbox 424 2732 461 2776; x_wconf 88' lang='grc' dir='ltr'>τε</span> <span class='ocrx_word' id='word_1_211' title='bbox 485 2709 637 2795; x_wconf 77' lang='grc' dir='ltr'>ὁμήρους</span> <span class='ocrx_word' id='word_1_212' title='bbox 660 2710 789 2796; x_wconf 89' lang='grc' dir='ltr'><strong><em>λαβεῖν,</em></strong></span> <span class='ocrx_word' id='word_1_213' title='bbox 813 2713 899 2780; x_wconf 91' lang='lat' dir='ltr'><strong>VIII.</strong></span> <span class='ocrx_word' id='word_1_214' title='bbox 926 2717 967 2780; x_wconf 83' lang='lat'>72</span> <span class='ocrx_word' id='word_1_215' title='bbox 994 2713 1139 2781; x_wconf 86' lang='grc' dir='ltr'><strong><em>ἄλλοτ’</em></strong></span> <span class='ocrx_word' id='word_1_216' title='bbox 1166 2717 1337 2783; x_wconf 88' lang='grc' dir='ltr'><strong><em>ἐπιστεί-</em></strong></span> 
     </span>
     <span class='ocr_line' id='line_1_24' title="bbox 59 2818 1338 2910; baseline 0.004 -25"><span class='ocrx_word' id='word_1_217' title='bbox 59 2818 207 2901; x_wconf 85' lang='grc' dir='ltr'><strong><em>λαντες</em></strong></span> <span class='ocrx_word' id='word_1_218' title='bbox 229 2818 273 2884; x_wconf 89' lang='grc' dir='ltr'>τὰ</span> <span class='ocrx_word' id='word_1_219' title='bbox 295 2820 473 2903; x_wconf 83' lang='grc' dir='ltr'><strong><em>πρέποντα</em></strong></span> <span class='ocrx_word' id='word_1_220' title='bbox 496 2819 613 2900; x_wconf 74' lang='grc' dir='ltr'><strong><em>εἰπεῖν,</em></strong></span> <span class='ocrx_word' id='word_1_221' title='bbox 649 2819 744 2887; x_wconf 93' lang='lat' dir='ltr'>simil.</span> <span class='ocrx_word' id='word_1_222' title='bbox 768 2821 793 2888; x_wconf 89' lang='lat'>1.</span> <span class='ocrx_word' id='word_1_223' title='bbox 819 2824 872 2903; x_wconf 88' lang='grc'>91,</span> <span class='ocrx_word' id='word_1_224' title='bbox 908 2822 1022 2903; x_wconf 80' lang='grc'>1114,</span> <span class='ocrx_word' id='word_1_225' title='bbox 1057 2824 1112 2890; x_wconf 93' lang='lat' dir='ltr'>IV.</span> <span class='ocrx_word' id='word_1_226' title='bbox 1139 2826 1158 2889; x_wconf 91' lang='lat'><em>8</em></span> <span class='ocrx_word' id='word_1_227' title='bbox 1183 2823 1241 2910; x_wconf 89' lang='grc' dir='ltr'>(τὰ</span> <span class='ocrx_word' id='word_1_228' title='bbox 1263 2824 1338 2890; x_wconf 89' lang='grc' dir='ltr'><strong><em>ἐπε-</em></strong></span> 
     </span>
     <span class='ocr_line' id='line_1_25' title="bbox 59 2923 1338 3015; baseline 0.005 -24"><span class='ocrx_word' id='word_1_229' title='bbox 59 2923 257 3009; x_wconf 84' lang='grc' dir='ltr'><strong><em>σταλμένα),</em></strong></span> <span class='ocrx_word' id='word_1_230' title='bbox 293 2928 331 2995; x_wconf 88' lang='lat' dir='ltr'>V.</span> <span class='ocrx_word' id='word_1_231' title='bbox 363 2928 403 2993; x_wconf 81' lang='lat'>37</span> <span class='ocrx_word' id='word_1_232' title='bbox 421 2928 482 2994; x_wconf 90' lang='lat' dir='ltr'>bis.</span> <span class='ocrx_word' id='word_1_233' title='bbox 530 2927 651 2993; x_wconf 81' lang='lat' dir='ltr'>Contra</span> <span class='ocrx_word' id='word_1_234' title='bbox 678 2930 866 3008; x_wconf 83' lang='lat' dir='ltr'>„nuntiare“</span> <span class='ocrx_word' id='word_1_235' title='bbox 902 2936 953 2996; x_wconf 92' lang='lat' dir='ltr'>est</span> <span class='ocrx_word' id='word_1_236' title='bbox 989 2931 1058 2999; x_wconf 94' lang='lat' dir='ltr'>VlI.</span> <span class='ocrx_word' id='word_1_237' title='bbox 1085 2933 1135 3015; x_wconf 88' lang='grc'>14,</span> <span class='ocrx_word' id='word_1_238' title='bbox 1171 2932 1259 2998; x_wconf 88' lang='lat' dir='ltr'><strong>VIII.</strong></span> <span class='ocrx_word' id='word_1_239' title='bbox 1284 2934 1338 3014; x_wconf 86' lang='lat'>38,</span> 
     </span>
     <span class='ocr_line' id='line_1_26' title="bbox 60 3034 1340 3122; baseline 0.005 -23"><span class='ocrx_word' id='word_1_240' title='bbox 60 3036 112 3118; x_wconf 84' lang='lat'>50,</span> <span class='ocrx_word' id='word_1_241' title='bbox 137 3037 190 3118; x_wconf 88' lang='grc'>99,</span> <span class='ocrx_word' id='word_1_242' title='bbox 217 3037 368 3117; x_wconf 89' lang='lat' dir='ltr'>„mittere</span> <span class='ocrx_word' id='word_1_243' title='bbox 385 3054 456 3101; x_wconf 92' lang='lat' dir='ltr'>cum</span> <span class='ocrx_word' id='word_1_244' title='bbox 471 3036 644 3101; x_wconf 85' lang='lat' dir='ltr'>mandato“</span> <span class='ocrx_word' id='word_1_245' title='bbox 669 3035 711 3102; x_wconf 91' lang='lat' dir='ltr'>H.</span> <span class='ocrx_word' id='word_1_246' title='bbox 730 3038 759 3101; x_wconf 91' lang='grc'>6.</span> <span class='ocrx_word' id='word_1_247' title='bbox 813 3034 994 3120; x_wconf 80' lang='grc' dir='ltr'><strong><em>Ἐπιστολή</em></strong></span> <span class='ocrx_word' id='word_1_248' title='bbox 1019 3057 1094 3105; x_wconf 89' lang='lat' dir='ltr'>vero</span> <span class='ocrx_word' id='word_1_249' title='bbox 1111 3040 1198 3122; x_wconf 92' lang='lat' dir='ltr'>apud</span> <span class='ocrx_word' id='word_1_250' title='bbox 1215 3039 1340 3122; x_wconf 87' lang='lat' dir='ltr'>Thucy·</span> 
     </span>
     <span class='ocr_line' id='line_1_27' title="bbox 60 3143 1338 3228; baseline 0.004 -20"><span class='ocrx_word' id='word_1_251' title='bbox 60 3143 165 3208; x_wconf 93' lang='lat' dir='ltr'>didem</span> <span class='ocrx_word' id='word_1_252' title='bbox 190 3162 348 3226; x_wconf 89' lang='lat' dir='ltr'>nusquam</span> <span class='ocrx_word' id='word_1_253' title='bbox 382 3145 568 3209; x_wconf 90' lang='lat' dir='ltr'>mandatum</span> <span class='ocrx_word' id='word_1_254' title='bbox 593 3148 653 3228; x_wconf 82' lang='lat' dir='ltr'>est,</span> <span class='ocrx_word' id='word_1_255' title='bbox 689 3144 748 3210; x_wconf 92' lang='lat' dir='ltr'>sed</span> <span class='ocrx_word' id='word_1_256' title='bbox 772 3144 920 3226; x_wconf 86' lang='lat' dir='ltr'>epistula,</span> <span class='ocrx_word' id='word_1_257' title='bbox 949 3146 997 3210; x_wconf 88' lang='lat' dir='ltr'>ita</span> <span class='ocrx_word' id='word_1_258' title='bbox 1019 3150 1138 3227; x_wconf 85' lang='lat' dir='ltr'>tamen,</span> <span class='ocrx_word' id='word_1_259' title='bbox 1169 3153 1205 3213; x_wconf 89' lang='lat' dir='ltr'>ut</span> <span class='ocrx_word' id='word_1_260' title='bbox 1228 3152 1338 3214; x_wconf 82' lang='lat' dir='ltr'>vertas</span> 
     </span>
     <span class='ocr_line' id='line_1_28' title="bbox 59 3236 1340 3335; baseline 0.003 -20"><span class='ocrx_word' id='word_1_261' title='bbox 59 3249 144 3316; x_wconf 93' lang='lat' dir='ltr'><strong>VIII.</strong></span> <span class='ocrx_word' id='word_1_262' title='bbox 171 3254 212 3314; x_wconf 83' lang='grc'>45</span> <span class='ocrx_word' id='word_1_263' title='bbox 248 3236 566 3334; x_wconf 70' lang='grc' dir='ltr'>ιοαοδείαιαμεο,</span> <span class='ocrx_word' id='word_1_264' title='bbox 582 3251 711 3317; x_wconf 88' lang='lat' dir='ltr'>litteras</span> <span class='ocrx_word' id='word_1_265' title='bbox 740 3252 883 3335; x_wconf 88' lang='lat' dir='ltr'>missum,</span> <span class='ocrx_word' id='word_1_266' title='bbox 919 3252 1006 3319; x_wconf 89' lang='lat' dir='ltr'><strong>VIII.</strong></span> <span class='ocrx_word' id='word_1_267' title='bbox 1032 3256 1084 3334; x_wconf 89' lang='grc'>33,</span> <span class='ocrx_word' id='word_1_268' title='bbox 1111 3257 1150 3318; x_wconf 81' lang='lat'>51</span> <span class='ocrx_word' id='word_1_269' title='bbox 1169 3254 1219 3320; x_wconf 91' lang='lat' dir='ltr'>bis</span> <span class='ocrx_word' id='word_1_270' title='bbox 1243 3273 1340 3320; x_wconf 91' lang='lat' dir='ltr'>nun·</span> 
     </span>
     <span class='ocr_line' id='line_1_29' title="bbox 60 3358 1341 3445; baseline 0.004 -23"><span class='ocrx_word' id='word_1_271' title='bbox 60 3358 137 3424; x_wconf 91' lang='lat' dir='ltr'>tius</span> <span class='ocrx_word' id='word_1_272' title='bbox 172 3377 230 3440; x_wconf 92' lang='lat' dir='ltr'>per</span> <span class='ocrx_word' id='word_1_273' title='bbox 253 3359 382 3425; x_wconf 85' lang='lat' dir='ltr'>litteras</span> <span class='ocrx_word' id='word_1_274' title='bbox 415 3360 565 3439; x_wconf 84' lang='lat' dir='ltr'>traditus,</span> <span class='ocrx_word' id='word_1_275' title='bbox 602 3359 745 3441; x_wconf 90' lang='lat' dir='ltr'>alioquin</span> <span class='ocrx_word' id='word_1_276' title='bbox 780 3367 831 3424; x_wconf 88' lang='lat' dir='ltr'>ter</span> <span class='ocrx_word' id='word_1_277' title='bbox 855 3366 888 3425; x_wconf 91' lang='lat' dir='ltr'>et</span> <span class='ocrx_word' id='word_1_278' title='bbox 911 3361 1017 3427; x_wconf 91' lang='lat' dir='ltr'>decies</span> <span class='ocrx_word' id='word_1_279' title='bbox 1042 3363 1230 3445; x_wconf 89' lang='lat' dir='ltr'>epistula.</span> <span class='ocrx_word' id='word_1_280' title='bbox 1277 3363 1341 3428; x_wconf 90' lang='lat' dir='ltr'>Re·</span> 
     </span>
     <span class='ocr_line' id='line_1_30' title="bbox 61 3465 1343 3559; baseline 0.004 -30"><span class='ocrx_word' id='word_1_281' title='bbox 61 3465 236 3532; x_wconf 89' lang='lat' dir='ltr'>centissimi</span> <span class='ocrx_word' id='word_1_282' title='bbox 261 3467 400 3549; x_wconf 89' lang='lat' dir='ltr'>denique</span> <span class='ocrx_word' id='word_1_283' title='bbox 423 3468 608 3548; x_wconf 71' lang='lat' dir='ltr'>salptores,</span> <span class='ocrx_word' id='word_1_284' title='bbox 645 3467 700 3548; x_wconf 90' lang='lat' dir='ltr'>qui</span> <span class='ocrx_word' id='word_1_285' title='bbox 724 3468 864 3549; x_wconf 84' lang='lat' dir='ltr'>priscam</span> <span class='ocrx_word' id='word_1_286' title='bbox 892 3468 988 3533; x_wconf 92' lang='lat' dir='ltr'>huius</span> <span class='ocrx_word' id='word_1_287' title='bbox 1013 3470 1125 3559; x_wconf 85' lang='lat' dir='ltr'>stirpis</span> <span class='ocrx_word' id='word_1_288' title='bbox 1149 3469 1343 3553; x_wconf 83' lang='lat' dir='ltr'>significati-</span> 
     </span>
     <span class='ocr_line' id='line_1_31' title="bbox 61 3574 1340 3660; baseline 0.003 -22"><span class='ocrx_word' id='word_1_289' title='bbox 61 3592 152 3638; x_wconf 93' lang='lat' dir='ltr'>onem</span> <span class='ocrx_word' id='word_1_290' title='bbox 178 3574 339 3658; x_wconf 83' lang='lat' dir='ltr'>enhibent‚</span> <span class='ocrx_word' id='word_1_291' title='bbox 376 3581 451 3640; x_wconf 92' lang='lat' dir='ltr'>sunt</span> <span class='ocrx_word' id='word_1_292' title='bbox 474 3575 568 3640; x_wconf 90' lang='lat' dir='ltr'>Plato</span> <span class='ocrx_word' id='word_1_293' title='bbox 593 3580 625 3641; x_wconf 92' lang='lat' dir='ltr'>et</span> <span class='ocrx_word' id='word_1_294' title='bbox 648 3574 838 3656; x_wconf 89' lang='lat' dir='ltr'>Xenophon.</span> <span class='ocrx_word' id='word_1_295' title='bbox 885 3575 1028 3642; x_wconf 91' lang='lat' dir='ltr'>Primum</span> <span class='ocrx_word' id='word_1_296' title='bbox 1053 3579 1181 3660; x_wconf 92' lang='lat' dir='ltr'>quidem</span> <span class='ocrx_word' id='word_1_297' title='bbox 1207 3578 1340 3644; x_wconf 88' lang='lat' dir='ltr'>verbum</span> 
     </span>
     <span class='ocr_line' id='line_1_32' title="bbox 60 3681 1342 3766; baseline 0.002 -20"><span class='ocrx_word' id='word_1_298' title='bbox 60 3681 153 3748; x_wconf 87' lang='lat' dir='ltr'>Plato</span> <span class='ocrx_word' id='word_1_299' title='bbox 183 3683 287 3750; x_wconf 84' lang='lat' dir='ltr'>sexies</span> <span class='ocrx_word' id='word_1_300' title='bbox 311 3684 443 3749; x_wconf 92' lang='lat' dir='ltr'>notione</span> <span class='ocrx_word' id='word_1_301' title='bbox 475 3683 649 3749; x_wconf 90' lang='lat' dir='ltr'>mandandi</span> <span class='ocrx_word' id='word_1_302' title='bbox 671 3700 818 3766; x_wconf 85' lang='lat' dir='ltr'>usurpat,</span> <span class='ocrx_word' id='word_1_303' title='bbox 842 3684 931 3749; x_wconf 85' lang='lat' dir='ltr'>velut</span> <span class='ocrx_word' id='word_1_304' title='bbox 954 3684 1075 3752; x_wconf 89' lang='lat' dir='ltr'>Phaed.</span> <span class='ocrx_word' id='word_1_305' title='bbox 1106 3686 1201 3751; x_wconf 81' lang='lat' dir='ltr'>115ss</span> <span class='ocrx_word' id='word_1_306' title='bbox 1236 3687 1270 3751; x_wconf 89' lang='grc' dir='ltr'>τί</span> <span class='ocrx_word' id='word_1_307' title='bbox 1303 3683 1342 3750; x_wconf 84' lang='grc' dir='ltr'>δέ</span> 
     </span>
     <span class='ocr_line' id='line_1_33' title="bbox 60 3787 1340 3874; baseline 0.005 -22"><span class='ocrx_word' id='word_1_308' title='bbox 60 3789 196 3870; x_wconf 86' lang='grc' dir='ltr'><strong><em>τούτοις</em></strong></span> <span class='ocrx_word' id='word_1_309' title='bbox 218 3787 239 3872; x_wconf 89' lang='grc' dir='ltr'><strong><em>ῆ</em></strong></span> <span class='ocrx_word' id='word_1_310' title='bbox 265 3789 340 3874; x_wconf 88' lang='grc' dir='ltr'>ἐμοὶ</span> <span class='ocrx_word' id='word_1_311' title='bbox 363 3788 584 3871; x_wconf 84' lang='grc' dir='ltr'><strong><em>ἑπιστέλλεις;</em></strong></span> <span class='ocrx_word' id='word_1_312' title='bbox 611 3791 679 3858; x_wconf 91' lang='lat' dir='ltr'>sim.</span> <span class='ocrx_word' id='word_1_313' title='bbox 707 3792 785 3857; x_wconf 90' lang='lat' dir='ltr'>Tim.</span> <span class='ocrx_word' id='word_1_314' title='bbox 812 3792 1059 3868; x_wconf 79' lang='grc' dir='ltr'>711),Ρ1]αει1ι.</span> <span class='ocrx_word' id='word_1_315' title='bbox 1087 3794 1340 3874; x_wconf 67' lang='lat' dir='ltr'>ercariaco.</span> 
     </span>
     <span class='ocr_line' id='line_1_34' title="bbox 63 3896 1340 3991; baseline 0.004 -29"><span class='ocrx_word' id='word_1_316' title='bbox 63 3898 168 3991; x_wconf 77' lang='grc'>1163,</span> <span class='ocrx_word' id='word_1_317' title='bbox 193 3898 290 3981; x_wconf 83' lang='lat' dir='ltr'>Soph.</span> <span class='ocrx_word' id='word_1_318' title='bbox 317 3900 380 3962; x_wconf 80' lang='grc'>235</span> <span class='ocrx_word' id='word_1_319' title='bbox 390 3899 424 3978; x_wconf 91' lang='grc' dir='ltr'>Β,</span> <span class='ocrx_word' id='word_1_320' title='bbox 449 3899 544 3965; x_wconf 92' lang='lat' dir='ltr'>Polit.</span> <span class='ocrx_word' id='word_1_321' title='bbox 570 3899 681 3967; x_wconf 76' lang='lat'><strong>3001).</strong></span> <span class='ocrx_word' id='word_1_322' title='bbox 730 3896 911 3983; x_wconf 82' lang='grc' dir='ltr'><strong><em>Ἐπιστολή</em></strong></span> <span class='ocrx_word' id='word_1_323' title='bbox 937 3900 975 3966; x_wconf 92' lang='lat' dir='ltr'>de</span> <span class='ocrx_word' id='word_1_324' title='bbox 999 3902 1118 3967; x_wconf 90' lang='lat' dir='ltr'>litteris</span> <span class='ocrx_word' id='word_1_325' title='bbox 1157 3903 1244 3984; x_wconf 92' lang='lat' dir='ltr'>apud</span> <span class='ocrx_word' id='word_1_326' title='bbox 1268 3921 1340 3967; x_wconf 91' lang='lat' dir='ltr'>eum</span> 
     </span>
    </p>
   </div>
   <div class='ocr_carea' id='block_1_3' title="bbox 60 4005 1342 4198">
    <p class='ocr_par' dir='ltr' id='par_1_4' title="bbox 60 4005 1342 4198">
     <span class='ocr_line' id='line_1_35' title="bbox 60 4005 1340 4089; baseline 0.003 -18"><span class='ocrx_word' id='word_1_327' title='bbox 60 4024 123 4071; x_wconf 95' lang='lat' dir='ltr'>uon</span> <span class='ocrx_word' id='word_1_328' title='bbox 148 4006 267 4089; x_wconf 86' lang='lat' dir='ltr'>legitur</span> <span class='ocrx_word' id='word_1_329' title='bbox 290 4011 422 4088; x_wconf 90' lang='lat' dir='ltr'>praeter</span> <span class='ocrx_word' id='word_1_330' title='bbox 445 4005 574 4072; x_wconf 90' lang='lat' dir='ltr'>litteras</span> <span class='ocrx_word' id='word_1_331' title='bbox 599 4008 736 4088; x_wconf 90' lang='lat' dir='ltr'>spurias,</span> <span class='ocrx_word' id='word_1_332' title='bbox 773 4008 990 4074; x_wconf 90' lang='lat' dir='ltr'>demandato</span> <span class='ocrx_word' id='word_1_333' title='bbox 1020 4015 1128 4074; x_wconf 90' lang='lat' dir='ltr'>autem</span> <span class='ocrx_word' id='word_1_334' title='bbox 1156 4010 1235 4075; x_wconf 87' lang='lat' dir='ltr'>Tim.</span> <span class='ocrx_word' id='word_1_335' title='bbox 1262 4010 1340 4075; x_wconf 77' lang='grc'>711)</span> 
     </span>
     <span class='ocr_line' id='line_1_36' title="bbox 61 4112 1342 4198; baseline 0.005 -22"><span class='ocrx_word' id='word_1_336' title='bbox 61 4113 272 4195; x_wconf 91' lang='grc' dir='ltr'>μεμνημένοι</span> <span class='ocrx_word' id='word_1_337' title='bbox 306 4112 369 4196; x_wconf 79' lang='grc' dir='ltr'>γὰρ</span> <span class='ocrx_word' id='word_1_338' title='bbox 404 4116 466 4195; x_wconf 86' lang='grc' dir='ltr'>τῆς</span> <span class='ocrx_word' id='word_1_339' title='bbox 499 4117 562 4179; x_wconf 85' lang='grc' dir='ltr'>τοῦ</span> <span class='ocrx_word' id='word_1_340' title='bbox 592 4112 725 4196; x_wconf 83' lang='grc' dir='ltr'><strong><em>πατρὸς</em></strong></span> <span class='ocrx_word' id='word_1_341' title='bbox 748 4112 985 4198; x_wconf 87' lang='grc' dir='ltr'><strong><em>ἐπιστολῆς,</em></strong></span> <span class='ocrx_word' id='word_1_342' title='bbox 1019 4115 1096 4181; x_wconf 84' lang='lat' dir='ltr'>Orit.</span> <span class='ocrx_word' id='word_1_343' title='bbox 1125 4115 1219 4181; x_wconf 84' lang='lat'>1190</span> <span class='ocrx_word' id='word_1_344' title='bbox 1253 4115 1342 4182; x_wconf 85' lang='grc' dir='ltr'><strong><em>κατὰ</em></strong></span> 
     </span>
    </p>
   </div>
   <div class='ocr_carea' id='block_1_4' title="bbox 62 4217 1343 4530">
    <p class='ocr_par' dir='ltr' id='par_1_5' title="bbox 62 4217 1343 4530">
     <span class='ocr_line' id='line_1_37' title="bbox 63 4217 1343 4308; baseline 0.006 -24"><span class='ocrx_word' id='word_1_345' title='bbox 63 4217 291 4302; x_wconf 85' lang='grc' dir='ltr'><strong><em>ἐπιστολάς</em></strong></span> <span class='ocrx_word' id='word_1_346' title='bbox 325 4218 388 4302; x_wconf 87' lang='grc' dir='ltr'>τὰς</span> <span class='ocrx_word' id='word_1_347' title='bbox 414 4224 476 4286; x_wconf 83' lang='grc' dir='ltr'>τοῦ</span> <span class='ocrx_word' id='word_1_348' title='bbox 502 4217 734 4302; x_wconf 83' lang='grc' dir='ltr'><strong><em>Ποσειδῶνος.</em></strong></span> <span class='ocrx_word' id='word_1_349' title='bbox 780 4222 961 4305; x_wconf 90' lang='lat' dir='ltr'>Utrumque</span> <span class='ocrx_word' id='word_1_350' title='bbox 992 4224 1096 4290; x_wconf 91' lang='lat' dir='ltr'>locum</span> <span class='ocrx_word' id='word_1_351' title='bbox 1127 4224 1236 4306; x_wconf 91' lang='lat' dir='ltr'>potius</span> <span class='ocrx_word' id='word_1_352' title='bbox 1265 4245 1343 4308; x_wconf 93' lang='lat' dir='ltr'>poe·</span> 
     </span>
     <span class='ocr_line' id='line_1_38' title="bbox 62 4328 1341 4416; baseline 0.005 -24"><span class='ocrx_word' id='word_1_353' title='bbox 62 4328 145 4395; x_wconf 92' lang='lat' dir='ltr'>ticae</span> <span class='ocrx_word' id='word_1_354' title='bbox 169 4348 265 4411; x_wconf 90' lang='lat' dir='ltr'>quam</span> <span class='ocrx_word' id='word_1_355' title='bbox 291 4329 488 4396; x_wconf 89' lang='lat' dir='ltr'>cottidianae</span> <span class='ocrx_word' id='word_1_356' title='bbox 513 4330 739 4396; x_wconf 90' lang='lat' dir='ltr'>consuetudini</span> <span class='ocrx_word' id='word_1_357' title='bbox 764 4329 933 4395; x_wconf 88' lang='lat' dir='ltr'>attribuas.</span> <span class='ocrx_word' id='word_1_358' title='bbox 981 4332 1091 4414; x_wconf 84' lang='lat' dir='ltr'>Atque</span> <span class='ocrx_word' id='word_1_359' title='bbox 1116 4332 1341 4416; x_wconf 88' lang='lat' dir='ltr'>Xenophontis</span> 
     </span>
     <span class='ocr_line' id='line_1_39' title="bbox 64 4437 1343 4530; baseline 0.005 -29"><span class='ocrx_word' id='word_1_360' title='bbox 64 4438 156 4530; x_wconf 86' lang='lat' dir='ltr'>copIa</span> <span class='ocrx_word' id='word_1_361' title='bbox 187 4437 367 4516; x_wconf 84' lang='lat' dir='ltr'>verborum,</span> <span class='ocrx_word' id='word_1_362' title='bbox 403 4444 440 4502; x_wconf 94' lang='lat' dir='ltr'>ut</span> <span class='ocrx_word' id='word_1_363' title='bbox 475 4443 525 4503; x_wconf 90' lang='lat' dir='ltr'>est</span> <span class='ocrx_word' id='word_1_364' title='bbox 548 4437 655 4519; x_wconf 90' lang='lat' dir='ltr'>ampla</span> <span class='ocrx_word' id='word_1_365' title='bbox 690 4444 723 4503; x_wconf 92' lang='lat' dir='ltr'>et</span> <span class='ocrx_word' id='word_1_366' title='bbox 746 4439 927 4518; x_wconf 86' lang='lat' dir='ltr'>commixta,</span> <span class='ocrx_word' id='word_1_367' title='bbox 966 4437 1155 4505; x_wconf 86' lang='grc' dir='ltr'><strong><em>ἐπιστέλλω</em></strong></span> <span class='ocrx_word' id='word_1_368' title='bbox 1184 4441 1343 4518; x_wconf 73' lang='lat' dir='ltr'>omnibus</span> 
     </span>
    </p>
   </div>
   <div class='ocr_carea' id='block_1_5' title="bbox 63 4536 1346 4711">
    <p class='ocr_par' dir='ltr' id='par_1_6' title="bbox 63 4536 1346 4711">
     <span class='ocr_line' id='line_1_40' title="bbox 63 4536 1346 4630; baseline 0.003 -21"><span class='ocrx_word' id='word_1_369' title='bbox 63 4536 141 4626; x_wconf 81' lang='lat' dir='ltr'>quas</span> <span class='ocrx_word' id='word_1_370' title='bbox 171 4545 326 4626; x_wconf 69' lang='lat' dir='ltr'>novimus</span> <span class='ocrx_word' id='word_1_371' title='bbox 363 4543 656 4629; x_wconf 85' lang='lat' dir='ltr'>significationibus</span> <span class='ocrx_word' id='word_1_372' title='bbox 692 4545 885 4611; x_wconf 91' lang='lat' dir='ltr'>instructum</span> <span class='ocrx_word' id='word_1_373' title='bbox 922 4544 1025 4630; x_wconf 80' lang='lat' dir='ltr'>offert,</span> <span class='ocrx_word' id='word_1_374' title='bbox 1062 4547 1102 4614; x_wconf 87' lang='lat' dir='ltr'>ci.</span> <span class='ocrx_word' id='word_1_375' title='bbox 1128 4549 1249 4616; x_wconf 84' lang='lat' dir='ltr'>Sturzii</span> <span class='ocrx_word' id='word_1_376' title='bbox 1271 4550 1346 4627; x_wconf 74' lang='lat' dir='ltr'>len..</span> 
     </span>
     <span class='ocr_line' id='line_1_41' title="bbox 1149 4653 1182 4711; baseline 0 -19"><span class='ocrx_word' id='word_1_377' title='bbox 1149 4653 1182 4711; x_wconf 73' lang='grc'>6*</span> 
     </span>
    </p>
   </div>
   <div class='ocr_carea' id='block_1_6' title="bbox 0 0 1626 5176">
    <p class='ocr_par' dir='ltr' id='par_1_7' title="bbox 0 0 1626 5176">
     <span class='ocr_line' id='line_1_42' title="bbox 0 0 1626 5176; baseline 0 0"><span class='ocrx_word' id='word_1_378' title='bbox 0 0 1626 5176; x_wconf 95' lang='lat' dir='ltr'> </span> 
     </span>
    </p>
   </div>
  </div>
 </body>
</html>
