3232 5176
700 288 919 351 ..17-

173 464 321 550 ἀρβάλη·
356 467 505 550 τήγανον
539 423 740 547 ὀστράκινα)
773 463 973 548 Ταραντῖνοι
1007 465 1083 530 Hes.
1113 464 1145 528 in
1169 465 1308 532 Kaibelii
1330 465 1443 548 fragm.

173 593 252 640 com.
272 572 385 640 Graec.
411 573 454 656 gl.
472 574 513 636 76
538 591 640 654 neque
666 569 824 654 ἀρμωλα·
860 572 1039 656 ἀρτύματα
1064 569 1228 654 Ἀρκάδες,
1253 574 1309 638 καὶ
1332 573 1445 658 ἀρμώ-

169 679 264 762 μαλα
298 681 376 746 Hes.
406 681 440 746 in
467 677 651 744 Hoffmanni
680 680 735 745 Gr.
761 679 835 745 dial.
861 681 878 744 Ι
901 700 932 761 p.
949 682 1007 744 101
1035 698 1138 761 neque
1167 676 1370 762 ἀρύβαλλος,
1407 681 1445 749 ci.

165 787 339 868 Prellwitz‚
366 787 418 853 Et.
437 786 561 853 worth.

277 894 483 961 Testimoniis
511 911 608 974 supra
638 892 746 958 allatis
776 893 1015 959 demonstratur
1037 911 1146 959 vocem
1170 890 1301 976 ἀρβύλη
1326 895 1359 959 in
1383 914 1443 961 usu

171 1000 271 1068 fnisse
307 1002 394 1084 apud
418 1000 553 1084 Cyprios
583 1004 616 1065 ct
638 999 747 1081 Iones,
782 1000 815 1065 in
843 1000 968 1081 tragica
996 1000 1135 1065 dictione
1163 1005 1196 1064 et
1220 1002 1305 1083 apud
1329 1009 1444 1083 poetas

171 1109 414 1175 Alexandrinos,
461 1109 543 1174 Fere
576 1108 677 1174 isdem
713 1108 814 1190 igitur
843 1106 961 1172 finibus
992 1108 1061 1172 eius
1082 1111 1186 1194 satque
1209 1109 1296 1174 vocis
1325 1107 1444 1190 δέλτος

170 1235 247 1283 usus
271 1217 532 1298 circumscriptus
557 1222 620 1291 est;
644 1234 703 1282 nec
725 1217 828 1299 magis
853 1216 921 1280 eius
937 1215 1149 1298 veriloquium
1164 1235 1184 1280 a
1201 1215 1325 1282 Graeca
1341 1218 1444 1299 stirpe

171 1326 303 1390 ductum
326 1325 492 1389 inventum
516 1329 576 1403 est,
601 1342 675 1388 nam
699 1341 781 1407 quae
805 1324 917 1389 aviris
942 1323 1045 1389 doctis
1069 1328 1301 1405 proponuntur,
1325 1324 1442 1390 forma·

169 1432 269 1496 tionis
305 1431 465 1497 rationem
500 1449 613 1513 parum
629 1467 632 1472 -
649 1431 819 1513 explicant.
865 1430 1035 1511 Prelluitn
1071 1430 1131 1495 lex.
1164 1437 1258 1514 etym.
1293 1432 1444 1497 dubitans

172 1537 347 1621 ἀραρύσκω
379 1539 584 1620 comparavit,
617 1537 759 1618 Meister,
798 1538 872 1603 dial.
898 1537 929 1603 Π
951 1557 982 1620 ρ.
1001 1539 1073 1602 255·
1088 1542 1232 1604 ueterum
1255 1541 1442 1620 grammati·

175 1665 284 1712 corum
301 1645 353 1713 (cf.
373 1644 469 1710 schol.
489 1646 621 1712 Theocr.
637 1648 666 1711 7.
685 1644 740 1727 26)
757 1646 967 1727 veriloquium
983 1652 1111 1712 secutus
1130 1643 1263 1728 ἀρμύλη
1281 1643 1441 1732 (ἀρβύλη)

172 1753 214 1817 ad
240 1751 380 1835 ἀρμόζω
404 1753 537 1819 reducit.
574 1752 636 1818 Sed
661 1753 720 1818 hoc
743 1753 858 1834 ipsum,
884 1755 1042 1836 quomodo
1066 1752 1145 1818 illud
1168 1751 1200 1836 β,
1225 1753 1310 1836 quod
1334 1754 1443 1837 Cyprii

169 1859 228 1946 p1)
251 1860 520 1942 pronuntiabant,
553 1866 660 1925 ortum
693 1861 749 1939 sit,
780 1860 994 1942 explicatione
1017 1864 1099 1942 eget.
1147 1860 1313 1926 Facillime
1337 1866 1445 1928 autem
1494 1878 1496 1882 ’

172 1967 352 2048 explicatur
375 1967 455 2033 haec
479 1967 614 2032 mutatio
638 1968 671 2031 in
687 1985 764 2032 voce
786 1968 969 2050 peregrina3
995 1986 1069 2032 nam
1092 1969 1126 2033 in
1143 1968 1298 2034 eiusmodi
1314 1969 1444 2034 uocibus

172 2075 244 2140 soni
268 2074 357 2141 dubii
381 2093 452 2141 esse
476 2075 590 2142 solent.
626 2074 761 2140 Accedit
783 2077 882 2140 etiam
905 2094 1022 2157 magna
1044 2073 1271 2141 formationum
1287 2077 1445 2155 varietas3

171 2187 269 2264 atquc
303 2200 417 2248 revera
444 2182 622 2264 Hesychius
659 2201 686 2246 s.
711 2203 738 2248 v.
765 2179 941 2264 ἀραβύλας
975 2183 1135 2264 expressis
1162 2183 1270 2249 uerbis
1304 2189 1445 2249 testatur

174 2286 326 2371 ἀρβύλας
349 2288 449 2355 fuisse
473 2287 678 2371 ύαοάήματα
701 2286 901 2371 βαρβαρικά.
938 2289 1054 2356 Graeci
1077 2291 1177 2371 igitur
1201 2309 1271 2356 cum
1288 2309 1323 2357 re
1347 2292 1445 2356 ctiam

170 2394 359 2461 vocabulum
399 2415 417 2461 a
447 2398 627 2479 peregrinis
663 2397 826 2478 accepisse
854 2398 991 2478 putandi
1015 2401 1100 2463 sunt.
1148 2397 1237 2476 Quod
1262 2399 1289 2463 si
1313 2399 1360 2464 ita
1384 2404 1443 2481 est,

172 2503 366 2571 testimoniis
402 2523 500 2586 supra
530 2506 785 2570 commemoratis
815 2503 954 2570 efficitur
977 2505 1154 2571 Asiaticum
1184 2504 1284 2571 fuisse
1312 2506 1442 2572 uerbum

173 2609 269 2692 idque
292 2610 332 2676 ab
356 2611 487 2677 Ionibus
510 2612 643 2695 tragicis
666 2612 772 2694 poetis
796 2611 960 2678 traditum.

695 2877 851 2945 HAAM
859 2877 928 2946 ΥΣ.

279 3040 391 3105 Aesch.
407 3039 467 3121 frg.
486 3041 549 3105 437
567 3045 659 3108 metr.
677 3041 738 3106 inc.
755 3039 944 3123 αάλμαάος,
969 3041 1126 3124 Lycophr.
1143 3041 1193 3108 Al.
1216 3043 1275 3105 691
1295 3040 1441 3124 αύλμύς,

173 3148 270 3213 schol.
295 3147 407 3230 πατὴρ
430 3145 452 3230 ἢ
475 3145 643 3230 βασιλεύς.

278 3255 442 3338 Frequens
467 3261 517 3321 est
540 3256 625 3337 apud
648 3256 897 3337 Hipponactcm:
934 3256 993 3337 frg.
1009 3260 1070 3321 1.1
1098 3252 1279 3337 Κυλλήνης
1304 3254 1442 3337 τάλμύν

178 3359 293 3445 Ἑρμῆ,
327 3362 493 3445 frg.15.4
518 3364 574 3428 καλ
596 3364 743 3445 μνήματ’
769 3360 858 3444 ὦτος
880 3361 1039 3446 μύτύλιάι
1061 3359 1250 3444 ττάλμύὸος,
1286 3362 1347 3444 frg.
1365 3363 1443 3427 3οΑ

172 3467 267 3534 alacre
279 3466 482 3551 Ὀλυμπίων
498 3469 626 3552 ττάλμα,
650 3469 711 3551 irg.
730 3471 806 3535 3οΒ
824 3469 971 3554 ἀργύρου
987 3467 1114 3551 neapo,
1139 3468 1198 3550 irg.
1217 3471 1269 3535 42.
1285 3471 1303 3535 3
1326 3467 1443 3552 Ῥῆσος

172 3573 317 3641 Atratum
338 3575 484 3660 αύλμας.
530 3578 575 3644 Ut
609 3579 748 3660 glossam
774 3583 910 3659 usurpat
940 3575 1438 3644 uocemDosiadesarael.17

172 3680 248 3765 (ΑΡ.
264 3682 323 3749 XV
340 3683 405 3767 25).
454 3684 621 3767 Significat
656 3691 761 3752 autem
791 3685 910 3767 ubique
939 3686 1115 3766 dominum,
1150 3704 1267 3766 regem.
1317 3684 1439 3749 Nomen

172 3791 302 3858 Troiani
326 3799 376 3857 ast
399 3794 486 3875 apud
509 3793 684 3859 Homerum
700 3790 738 3856 N
751 3796 768 3856 7
773 3794 825 3858 92.
1015 3858 1019 3864 ,

276 3899 499 3983 Veriloquium
523 3920 560 3966 ex
577 3900 702 3966 Graeca
726 3901 827 3982 stirpe
852 3900 981 3965 ductum
998 3918 1060 3966 non
1077 3904 1241 3981 repertum
1258 3904 1317 3962 cst.
1351 3896 1443 3975 Quod

170 4009 278 4071 autem
301 4005 474 4088 Hipponax
497 4025 574 4073 voce
604 4013 671 4073 tam
702 4006 888 4089 frequenter
910 4008 1022 4086 utitur,
1060 4007 1148 4072 cuius
1178 4022 1282 4070 sermo
1311 4003 1442 4070 vocibus

169 4114 350 4194 peregrinis
371 4115 558 4197 plerumque
575 4115 685 4197 Lydiis
702 4115 854 4192 abundat,
880 4119 912 4180 et
928 4115 1014 4197 quod
1029 4112 1123 4179 homo
1140 4112 1269 4194 quidam
1286 4110 1442 4176 Troianus

169 4219 225 4284 illo
260 4222 388 4287 nomine
421 4227 563 4304 vocatur,
596 4241 666 4287 cum
692 4221 822 4287 Troiani
846 4221 931 4286 haud
955 4221 1055 4287 semel
1078 4219 1206 4284 nomina
1229 4237 1292 4283 non
1318 4218 1443 4284 Graeca

274 4470 297 4539 ¹)
324 4470 365 4523 De
388 4469 539 4524 mutatione
558 4479 618 4541 ft>
628 4492 650 4540 μ
672 4470 702 4523 in
720 4468 833 4522 vocibus
853 4465 965 4522 Graecis
984 4469 1013 4521 at
1029 4465 1183 4535 peregrinis
1203 4465 1236 4519 cf.
1256 4465 1442 4532 Krctschmar,

167 4554 263 4610 thus
283 4556 412 4613 Zeitschr.
431 4558 535 4615 XXXV
553 4575 580 4628 p.
594 4561 655 4623 603.
673 4557 746 4612 Fini.
765 4558 794 4613 in
812 4557 856 4611 dia
876 4555 975 4616 Geach.
994 4555 1020 4610 d.
1039 4556 1142 4626 griech.
1159 4555 1287 4624 Sprachc,
1306 4572 1331 4624 p.
1346 4557 1404 4612 236.

219 4643 279 4700 Aly,
296 4647 331 4690 Dc
345 4646 455 4701 Aeschyli
469 4648 531 4702 copis
544 4648 668 4693 verborum.
1249 4647 1265 4701 2

1422 4814 1561 4878 A
