3164 5176
681 300 902 361 „91-

142 479 264 560 ’πιστῷ
287 475 415 562 βεβαίῳ
446 475 482 560 ἐξ
504 477 609 544 αὑτοῦ
634 477 744 561 ἔχοντι
771 477 834 561 τὴν
858 478 989 561 ἐγγύην,
1025 482 1063 543 ut
1085 483 1193 544 vertas
1231 499 1358 563 „neque
1382 480 1433 549 ου’-

141 586 232 674 pitis
267 585 466 651 damnationi
501 587 590 652 velut
625 606 708 670 quae
736 591 883 669 praestet
917 584 974 669 (sc.
1010 587 1198 669 republicae
1232 587 1371 655 salutem
1400 591 1432 656 in

149 692 299 759 futurum
322 692 466 776 tempus)
501 693 596 760 fidem
621 694 779 761 habentes
815 693 960 760 deterius
995 695 1163 762 consulere
1187 714 1320 763 necesse
1350 701 1434 766 cst.“

141 802 267 884 Itaque
290 820 369 876 rem,
406 801 456 867 cui
491 800 571 867 fides
599 801 750 868 habenda
783 820 846 868 non
873 802 925 876 sit,
960 807 1055 868 vocat
1090 800 1289 886 ἀνεχὲγγυος
1311 806 1365 871 IV.
1391 807 1432 871 55

152 907 267 994 ᾤοντο
296 908 564 992 ἁμαρτησασθοι
586 908 641 976 διὰ
664 907 704 975 τὸ
726 908 789 992 τὴν
805 909 945 993 γνώμην
969 908 1216 993 ἀνεχέγγυον
1231 914 1432 999 γεγενῆσθαι

150 1016 190 1083 ἐκ
214 1020 278 1100 τῆς
300 1017 381 1099 πρὶν
416 1015 563 1100 ἀηθείας
597 1021 659 1083 τοῦ
688 1020 927 1100 κακουραγεῑν.
975 1018 1131 1084 Similiter
1155 1019 1329 1103 Sophocles
1355 1023 1433 1090 Oed.

151 1124 219 1192 Col.
242 1126 306 1190 284
323 1125 409 1191 trim.
435 1121 551 1208 ὥσπερ
569 1123 691 1209 ἔλαβες
713 1123 774 1190 τὸν
792 1124 904 1207 ἱκέτην
928 1124 1135 1208 ἐχέγγυον,
1161 1128 1261 1194 schol.
1287 1128 1427 1214 ἀσφαλῆ

150 1234 260 1316 Α1ηοο
284 1232 455 1315 Euripides
471 1232 556 1298 Med.
583 1233 646 1298 388
672 1232 757 1300 trim.
782 1233 834 1312 τίς
856 1235 918 1314 γῆν
943 1230 1072 1298 ἄσυλον
1094 1234 1152 1298 καὶ
1175 1229 1305 1318 δόμους
1328 1237 1434 1321 ἐχεγ-

150 1341 279 1424 γύους
302 1339 397 1423 ξένος
420 1341 619 1423 παρασχών,
647 1341 726 1406 item
750 1341 849 1407 Andr.
876 1341 1061 1424 restria,
1097 1341 1219 1409 Phoen.
1246 1344 1309 1408 759
1334 1345 1433 1427 trim.‚

149 1448 213 1531 lrg.
239 1449 351 1530 adesp.
377 1450 442 1513 494
466 1448 551 1513 trim.
600 1448 696 1532 Apud
720 1447 888 1514 Platonem
920 1453 1029 1514 autem
1053 1468 1115 1515 non
1133 1457 1256 1534 ‚exstat
1293 1452 1355 1517 etsi
1379 1451 1431 1517 Ti·

152 1575 266 1624 maeus
289 1556 323 1622 in
346 1556 551 1622 lex.Platon.
574 1574 685 1622 uocem
710 1556 849 1622 exbibet.
898 1555 1019 1622 Contra
1035 1557 1233 1624 recentiores
1258 1559 1435 1641 scriptores

152 1664 222 1731 eius
258 1662 420 1730 scribendi
444 1664 584 1748 generis,
621 1683 684 1746 qno
708 1664 902 1730 Plutarchus
938 1671 971 1731 et
996 1665 1155 1738 Lucienus
1191 1667 1239 1731 uti
1274 1667 1433 1748 solebant,

152 1791 223 1837 eam
259 1790 357 1838 sensu
392 1771 582 1839 contritiore
618 1791 710 1856 „pan
747 1771 904 1840 idoneus“
945 1774 1155 1857 scripserunt,
1197 1793 1266 1838 cum
1303 1775 1434 1858 linguae

152 1881 330 1947 communis
353 1880 575 1946 testimonium
600 1887 722 1947 certum
748 1879 852 1947 adhuc
875 1886 1041 1964 repertum
1065 1900 1129 1947 nou
1153 1881 1207 1947 sit.

258 1987 363 2054 Huius
387 1988 488 2071 igitur
510 1988 598 2056 vocis
633 1988 789 2054 memoria
812 2007 926 2056 ausam
949 1989 1078 2055 omnino
1103 2009 1166 2056 non
1191 1990 1341 2072 praebet,
1378 2008 1436 2055 cur

151 2114 222 2162 eam
246 2095 378 2161 Ionibus
402 2097 609 2179 vindicemus,
645 2116 704 2162 nec
734 2116 811 2163 vero
835 2097 912 2163 licet
947 2116 1018 2163 eam
1046 2116 1066 2163 a
1090 2098 1258 2180 superiore
1282 2116 1361 2164 voce
1385 2116 1434 2162 se-

151 2222 295 2286 cernere,
320 2206 514 2287 praesertim
538 2224 610 2271 oum
632 2206 700 2272 veri
717 2206 857 2288 speciem
874 2224 954 2286 prae
976 2223 1012 2270 se
1035 2204 1120 2271 ierat
1135 2211 1308 2290 utramque
1323 2225 1434 2273 vocem

146 2331 191 2378 ‚ex
215 2331 364 2379 sermone
387 2313 568 2379 Atticorum
604 2313 748 2379 iudiciali
772 2312 923 2378 haustam
952 2332 1033 2392 esse,
1069 2313 1102 2378 in
1139 2333 1202 2396 quo
1226 2333 1324 2396 saepe
1345 2313 1434 2380 vadi-

150 2421 333 2487 moniorum
356 2420 478 2491 mentio
514 2420 662 2488 facienda
696 2426 774 2487 erat.
831 2420 925 2485 Alter
960 2421 1072 2504 igitur,
1109 2423 1160 2488 cui
1195 2423 1265 2489 sine
1300 2420 1435 2486 cautelis

150 2530 306 2608 creditur,
331 2529 486 2613 ἐχέγγυος
506 2533 567 2610 est,
592 2529 686 2612 alter,
713 2529 763 2595 oui
780 2534 929 2613 praestat
950 2531 1076 2613 aliquis,
1103 2531 1297 2614 φερέγγυος.
1345 2528 1434 2607 Quae

148 2655 203 2703 res
250 2637 324 2702 ideo
371 2637 469 2702 dubia
507 2642 626 2719 mouet,
675 2638 761 2721 quod
797 2656 838 2703 ne
884 2638 1011 2706 Solonis
1049 2639 1178 2722 quidem
1222 2639 1330 2720 legum
1368 2655 1434 2702 ser-

148 2762 279 2810 monem
302 2745 383 2810 satis
407 2745 608 2827 exploratum
632 2746 797 2828 babemus,
832 2748 887 2829 qui
917 2752 1073 2830 quantum
1097 2765 1117 2811 a
1140 2747 1194 2812 IV.
1221 2745 1341 2811 saeculi
1365 2763 1434 2811 sor-

147 2870 245 2919 mone
270 2851 398 2933 afuerit,
433 2857 544 2918 notum
569 2859 619 2919 est
643 2873 681 2918 ex
709 2852 902 2937 fragmentis
931 2856 1018 2938 apud
1041 2855 1170 2938 Lysiam
1195 2874 1239 2920 or.
1268 2856 1308 2919 10
1332 2858 1366 2918 et
1391 2853 1430 2917 11

148 2961 307 3029 servatis.

718 3157 859 3227 ΑΚΤΗ.

259 3302 541 3370 Praetermisimus
574 3303 679 3369 adhuc
709 3322 829 3386 vocem,
865 3320 961 3386 quam
996 3303 1061 3367 iam
1093 3299 1342 3367 Rutheriordius
1365 3301 1388 3366 l.
1406 3319 1432 3366 c.

145 3434 180 3497 p.
213 3415 253 3477 11
300 3409 393 3477 firmo
428 3416 618 3494 argumento
655 3411 812 3476 adductus
852 3411 979 3491 priscae
1018 3408 1145 3474 Atthidi
1184 3408 1310 3490 tribuit,
1351 3427 1433 3493 quae

146 3520 300 3606 quaestio
324 3519 418 3586 nobis
441 3520 650 3585 retractanda
674 3524 734 3601 est,
770 3523 942 3602 postquam
965 3516 1157 3583 Wittekind.
1182 3536 1215 3600 p.
1240 3517 1337 3599 39sq.
1363 3533 1433 3580 eam

149 3630 241 3695 inter
264 3628 421 3695 vocabula
443 3627 554 3693 Ionica
577 3626 696 3710 posuit.

261 3735 346 3819 ἀκοή
370 3736 541 3803 notissima
576 3740 627 3802 est
649 3755 710 3802 nox
734 3734 766 3799 in
792 3733 988 3801 Graecorum
1012 3737 1183 3816 poetarum
1206 3750 1364 3806 sermone,
1400 3731 1433 3796 in

146 3844 297 3930 pedestri
321 3848 428 3910 autem
445 3844 604 3909 Herodoti
627 3843 695 3911 iere
720 3843 819 3910 solius
844 3861 991 3908 sermone
1016 3842 1110 3908 obvia
1133 3846 1242 3907 tamen
1259 3839 1433 3922 aliquando

148 3953 306 4021 usitatior
329 3953 406 4035 fuit,
428 3954 514 4037 quod
538 3955 666 4020 nomine
690 3952 823 4036 proprio
850 3948 946 4036 Ἀκυή
977 3951 1205 4035 comprobatur
1229 3967 1299 4014 cnm
1322 3946 1434 4012 multis

153 4061 314 4129 Graeciae
350 4060 501 4144 gentibus
537 4068 605 4128 tum
631 4062 960 4128 Atheniensibus
984 4061 1117 4126 usitato.
1165 4057 1278 4139 Itaque
1303 4055 1435 4123 dubium

147 4175 301 4250 nonest,
337 4169 414 4252 quin
439 4166 524 4251 ἀκτή
548 4189 610 4235 uox
634 4170 743 4236 Attica
776 4168 884 4235 fuerit.
932 4168 1024 4233 Hanc
1053 4163 1277 4232 Rutberiordii
1308 4165 1435 4246 exposi-

148 4276 273 4342 tionem
297 4280 330 4342 et
347 4277 536 4359 augebimus
560 4283 593 4343 et
610 4276 878 4357 confirmabimus,
904 4294 974 4340 cum
992 4292 1118 4340 omnem
1142 4271 1229 4338 vocis
1246 4272 1433 4338 memoriam

151 4402 374 4467 congeramus.

258 4491 391 4558 Initium
426 4492 526 4575 igitur
555 4493 745 4576 capiendum
780 4491 872 4558 nobis
908 4495 959 4558 est
992 4491 1034 4557 ab
1056 4488 1192 4555 Homeri
1227 4487 1433 4564 carminibus,

150 4617 216 4685 qua
248 4599 353 4666 dere
382 4599 527 4669 conteras
556 4600 719 4684 Ebelingii
754 4600 816 4666 lex.
845 4598 938 4666 Hom.
964 4617 989 4666 s.
1006 4617 1035 4664 n.
1066 4592 1165 4679 Ἀκυή
1199 4595 1349 4680 opposita
1384 4597 1435 4659 est
