3164 5176
681 320 901 382 ..92..

149 494 260 579 λιμένι
294 514 415 581 „rupes
443 498 477 564 in
501 515 591 564 maro
613 499 822 582 prominens“
846 520 867 564 ν
889 499 933 565 98
969 500 1009 565 (1ο
1032 501 1131 582 portu
1154 497 1278 564 dietum
1308 495 1375 564 ooo
1400 494 1438 562 di

149 603 344 688 προβλῆτες
378 605 415 670 ἐν
449 605 544 688 αὐτῷ
581 605 702 672 ἀκταὶ
736 605 946 690 ἀπορριῐηιες,
981 603 1120 689 λιμένος
1154 607 1437 688 ποτιπεπτηυῖαι.

150 711 308 778 Similiter
329 713 364 778 ll
388 714 463 794 284,
487 734 509 778 κ
532 715 585 796 89,
612 715 686 796 140,
710 714 740 779 h.
760 713 867 798 Apoll.
892 717 946 780 24.
993 713 1168 798 odysseus,
1192 730 1264 779 eum
1287 712 1439 779 Ithacam

149 820 306 903 appellat,
329 821 514 905 interrogat
528 844 550 887 ο
567 824 642 903 234,
668 842 745 889 num
760 824 867 890 insula
890 823 989 890 sitan
1016 819 1120 904 ἀυτὴ
1135 817 1227 886 κεῖθ’
1254 817 1313 885 ἁλὶ
1327 817 1439 886 πεπλο-

150 927 237 1010 μέιῑη
259 926 471 1011 ἐριβώλακος
493 930 648 1014 ἠπείροιο
664 930 910 1013 „paeninsula“.
956 929 1010 997 Sic
1033 934 1067 995 at
1091 930 1175 994 ο38
1188 932 1336 995 extrema
1359 944 1440 1012 pars

151 1034 285 1102 Ithacae
309 1041 361 1103 ost
383 1043 418 1103 et
441 1038 552 1104 orditi
588 1038 649 1104 hac
671 1054 750 1105 uoce
779 1039 862 1105 situs
896 1039 987 1105 urbis
1009 1037 1123 1104 Norici-
1145 1035 1354 1102 describitur.
1403 1035 1440 1100 In

149 1143 337 1210 uniuersum
360 1150 469 1211 autern
493 1145 598 1213 ardua
619 1158 699 1213 saxa
721 1147 754 1213 in
777 1164 867 1214 mare
883 1145 1101 1230 prominentia
1124 1148 1201 1210 sunt
1224 1145 1335 1225 1405,
1363 1142 1441 1223 425,

158 1249 278 1336 11125,
301 1256 396 1335 pull,
422 1272 452 1318 co
468 1255 523 1336 82,
547 1251 670 1337 Β335,
700 1252 796 1337 Υ50,
824 1275 841 1320 s
864 1257 918 1337 82,
945 1255 1019 1336 151,
1043 1253 1076 1318 h.
1092 1252 1166 1321 vll.
1181 1253 1201 1318 3
1218 1269 1326 1336 neque
1341 1251 1442 1317 aliter

150 1359 379 1442 interpreteris
410 1359 509 1443 Σ88,
546 1358 634 1427 aar
671 1363 711 1429 de
746 1363 806 1439 dis,
843 1363 898 1445 qui
932 1362 1016 1428 mari
1050 1361 1264 1428 ascendeutes
1299 1357 1442 1441 ,ἀκοὴν

150 1464 447 1551 εἰσαπσβαλοουσιί.
490 1469 618 1536 Dubius
658 1476 767 1537 autem
796 1471 887 1537 loeus
922 1474 973 1536 ast
1007 1490 1029 1534 κ
1045 1469 1109 1533 509
1145 1465 1224 1533 ἐνθ’
1262 1465 1368 1550 ἀκτή
1404 1484 1441 1531 τε

150 1572 269 1658 λάχεια
296 1575 354 1640 καὶ
377 1573 486 1641 ἄλσεα
508 1573 776 1660 Περσεφονείης.
821 1575 860 1643 Id
882 1595 960 1642 vero
984 1577 1158 1644 tenendum
1182 1579 1248 1642 ast:
1273 1573 1364 1659 ἀκτή
1388 1574 1442 1641 uix

150 1701 215 1749 uuo
250 1684 322 1750 loeo
360 1684 563 1766 „quamlibet
597 1703 687 1751 oram
720 1683 854 1765 maris“,
892 1684 979 1767 quod
1012 1684 1115 1751 noluit
1141 1683 1346 1767 Ebelingins
1383 1683 1442 1749 sed

149 1795 260 1857 terrae
283 1797 410 1873 partem
434 1808 585 1858 saxosum
610 1797 643 1858 et
666 1792 699 1857 in
723 1796 814 1858 mare
836 1792 1073 1874 prominentem
1096 1790 1268 1874 signifieat

256 1899 392 1966 Praeter
414 1899 592 1965 Homerum
613 1901 745 1966 nomina
768 1899 902 1982 propria
937 1901 1023 1966 inter
1045 1899 1289 1966 vetustissimae
1313 1898 1437 1964 aetatis

150 2006 344 2073 documenta
365 2008 511 2091 putanda
533 2014 621 2087 suut,
657 2024 759 2090 quara
784 2008 1004 2090 congessimus
1040 2027 1079 2074 ea
1109 2025 1193 2092 quae
1231 2006 1264 2072 in
1290 2010 1440 2073 nostram

150 2116 375 2196 quaestionem
399 2115 567 2198 endant¹)

261 2225 289 2288 1.
320 2219 419 2305 Ἀκυὴ
443 2223 672 2305 appellabatur
693 2221 886 2306 paeninsula
901 2221 1010 2288 Piraei
1033 2223 1067 2288 in
1083 2221 1284 2288 occidentem
1308 2223 1438 2302 partem

151 2333 304 2410 spectans
338 2334 425 2395 teste
447 2330 709 2414 Harpocrationa
744 2330 786 2395 al.
832 2327 931 2395 Guius
966 2331 1005 2396 de
1040 2331 1106 2395 situ
1143 2328 1211 2411 egit
1241 2327 1275 2395 G.
1301 2327 1438 2393 Waohs·

150 2435 254 2516 mutu,
280 2437 310 2503 d.
336 2436 433 2504 Stadt
455 2438 571 2517 Athen,
594 2437 621 2504 Ι.
645 2458 676 2520 p.
702 2439 779 2519 311,
803 2437 1000 2503 mentionem
1028 2436 1107 2503 fauit
1129 2435 1284 2502 Dinaroh.
1310 2434 1372 2500 III.
1399 2433 1440 2498 13

152 2550 187 2610 ο1
209 2543 347 2628 Lycurg.
376 2545 411 2611 in
435 2545 546 2614 Loocr.
574 2548 627 2627 11,
653 2546 706 2626 55,
730 2545 786 2610 ubi
809 2564 870 2610 vox
898 2564 918 2609 a
940 2543 1073 2628 capitali
1096 2545 1210 2610 littera
1229 2537 1334 2626 Ἀκοὴ
1358 2542 1439 2609 scri·

152 2652 259 2719 benda
299 2657 359 2718 est
419 2653 528 2719 Etiam
566 2653 732 2719 oraculum
769 2671 820 2735 ap.
864 2653 983 2720 Herod.
1018 2652 1105 2718 VIII.
1143 2655 1184 2716 11
1233 2648 1316 2714 ἀλλ’
1357 2647 1443 2715 ὅπου

155 2757 348 2842 Ἀρτέμιδος
367 2761 564 2843 χρυσαόρου
592 2759 684 2843 ἱερὸν
710 2757 828 2843 Ἀκτὴν
849 2760 951 2843 νηυσὶ
964 2760 1193 2844 γεφυρώσωσι
1215 2757 1274 2823 καὶ
1299 2755 1442 2839 ἐυαλληυ

152 2864 378 2950 Κυνόσουραν
412 2869 454 2934 ad
487 2868 572 2935 hanc
604 2867 828 2950 paeninsulam
862 2869 1016 2950 pertinet,
1054 2868 1145 2933 cuius
1179 2885 1219 2932 ex
1253 2865 1442 2948 lapicidinis

151 2977 304 3058 provenit
339 2974 479 3057 ἀκοίτης
512 2973 623 3056 λίθος.
676 2976 768 3054 Quod
803 2981 912 3041 autem
947 2975 1147 3041 contendunt
1182 2973 1327 3038 Atticam
1364 2972 1442 3038 olim

152 3083 351 3165 appellatam
387 3101 459 3149 esse
489 3081 610 3166 Ἀκτὴν
642 3083 694 3149 vel
733 3080 897 3165 Ἇκιικήν,
933 3083 1063 3148 ductum
1098 3087 1150 3148 est
1183 3100 1223 3147 ex
1257 3079 1442 3163 veriloquio

156 3187 285 3274 Ἀττική
309 3188 470 3273 *Ἀκτική,
504 3190 591 3273 quod
621 3191 683 3257 etsi
711 3189 907 3256 Prelluitzio
930 3191 965 3255 in
987 3190 1047 3255 lem
1073 3195 1171 3272 etym.
1197 3188 1441 3271 comprobatur,

153 3304 262 3363 tamen
286 3316 441 3365 sonorum
464 3298 586 3364 ration
609 3317 725 3380 parum
748 3297 919 3364 satisfacit.

262 3407 293 3472 2.
317 3405 385 3472 Ora
406 3407 624 3488 Peloponnesi
652 3407 739 3472 inter
761 3405 961 3487 Epidaurum
985 3408 1019 3470 et
1042 3404 1249 3486 Troezenem,
1284 3421 1345 3468 seu
1368 3403 1444 3485 ipsa

155 3531 214 3577 ora
236 3531 295 3578 seu
310 3514 503 3594 paeninsula
517 3513 673 3579 Methana
694 3513 741 3578 ibi
765 3513 830 3579 sita
845 3513 1022 3579 vorabatur
1045 3509 1132 3593 ἀκτή
1157 3509 1196 3576 af.
1213 3509 1335 3577 Strabo
1351 3509 1442 3577 VIII.

157 3621 222 3685 389
238 3619 305 3702 fin,
330 3621 416 3686 Plut.
440 3622 532 3688 Deru.
557 3623 611 3702 25,
635 3620 747 3704 Polyb.
773 3622 803 3686 5.
820 3621 873 3684 91.
891 3622 924 3687 8.

262 3728 293 3796 3.
318 3728 515 3794 Paeuinsuln
537 3726 751 3809 Chaloidiaae,
777 3745 861 3809 quse
884 3726 970 3793 Atho
992 3730 1104 3792 monte
1127 3725 1267 3807 excellit,
1302 3730 1441 3792 uocatur

154 3833 270 3900 dlrta.

262 3961 294 4023 4.
317 3958 355 4024 In
390 3959 583 4042 paeninsula
617 3958 787 4040 Magnesia
821 3958 976 4024 adoratur
1016 3954 1194 4022 Ἀπόλλων
1217 3953 1356 4036 Ἀκιιος
1391 3957 1443 4023 rel

166 4061 356 4147 Ἐπακτιος,
390 4066 481 4133 velut
506 4065 692 4132 Herodotus
732 4070 910 4130 extremam
943 4066 1031 4131 illius
1064 4065 1277 4147 paeninsulae
1311 4071 1443 4149 partem

161 4179 258 4238 rorat
280 4169 413 4255 Σηπιὰς
436 4172 532 4257 ἀκτή,
557 4171 597 4238 ol.
622 4170 733 4255 Steph.
757 4171 844 4255 Byr,
866 4172 987 4238 Herod.
1011 4171 1081 4237 VII.
1108 4173 1182 4253 183,
1210 4174 1283 4254 188,
1314 4175 1387 4239 191.

266 4280 296 4343 5.
322 4280 478 4346 llotiurn
502 4278 581 4345 urbs
603 4296 707 4361 prope
730 4278 934 4345 Ambraciam
957 4279 1024 4345 sita
1045 4283 1124 4345 noto
1148 4285 1209 4344 est.

266 4526 289 4587 'l
307 4522 349 4580 ct
362 4522 603 4596 Praipwiasoua,
615 4523 790 4598 Roalouoyol.
802 4540 825 4578 s
837 4538 863 4578 r.
876 4523 958 4595 Akte,
968 4524 1196 4597 Papo-Bouaelor,
1214 4525 1280 4580 Lar.
1294 4525 1321 4579 d.
1334 4523 1439 4595 grieeh.

159 4616 358 4689 Rigodounon„
