3232 5176
698 284 917 346 ..49-

276 461 415 527 Maxime
450 480 525 527 vero
550 462 583 527 in
606 480 667 527 usu
691 466 741 527 est
776 461 862 543 apud
890 459 1052 543 pedestris
1087 459 1243 525 orationis
1273 454 1448 540 scriptores

170 565 335 631 Ionicos:
360 563 480 630 Herod.
505 564 560 630 IV.
589 566 650 629 156
673 560 761 647 μετὰ
785 560 823 627 dd
839 560 935 646 αὐτῷ
958 579 996 626 τε
1019 561 1131 644 τούτῳ
1155 561 1213 627 καί
1235 569 1309 646 τοῖς
1334 561 1450 648 ἄλλοις

172 670 344 755 Θηραίοισι
384 672 589 754 συνεφέρετο
632 669 848 753 παλιγκότως
901 676 1035 753 „postea
1077 668 1126 745 illi
1165 671 1228 754 ipsi
1268 673 1449 756 ceterisque

170 780 323 846 Theraeis
341 781 477 846 adverse
494 780 644 862 accidit“‚
669 797 728 844 nec
751 798 828 846 vero
846 779 1035 845 vertendum
1053 783 1112 858 est,
1138 778 1173 844 id
1188 781 1274 863 quod
1291 781 1450 864 Schweig-

168 889 287 955 ln‘iuscr
310 888 344 954 in
362 888 423 955 lex.
441 887 561 954 Herod.
585 907 616 969 p.
636 888 699 952 219
716 885 805 969 iecit,
832 905 950 968 ,nova
973 887 1106 953 malain
1132 907 1187 954 eos
1203 889 1451 972 incubuerunt“,

168 1002 203 1064 ut
227 1016 267 1063 cx
291 1001 444 1063 contextu
479 995 575 1061 facilc
611 995 824 1078 cognoscitur.
874 995 967 1077 Apud
990 995 1222 1078 Hippocratem
1246 995 1452 1080 παλίγκοτος

168 1125 239 1172 eum
276 1110 398 1171 statum
431 1103 534 1170 morbi
571 1103 703 1186 indicat,
739 1102 795 1170 ubi
829 1102 1008 1185 periculum
1032 1103 1188 1170 imminet.
1208 1148 1211 1155 ·
1234 1106 1451 1190 Repetitionis

168 1214 215 1279 vis
241 1231 281 1278 ne
316 1212 367 1277 his
392 1211 522 1294 quidem
556 1210 636 1276 locis
659 1210 755 1291 inest,
792 1210 831 1275 de
860 1229 925 1293 qua
948 1212 1149 1294 grammatici
1185 1214 1284 1281 verba
1317 1215 1449 1291 iaciunt,

171 1319 208 1387 cf.
244 1321 334 1386 Erot.
371 1340 402 1402 p.
436 1320 508 1384 106.
535 1320 554 1384 8
589 1315 912 1400 παλιγκοτωτότοις·
950 1316 1247 1404 φιλοποστρόφοις
1280 1324 1450 1407 νοσήμασι

168 1430 209 1496 ad
233 1426 320 1494 ἐπιὸ.
344 1425 377 1512 β’
398 1427 440 1493 II.
466 1429 518 1508 24,
544 1426 578 1491 L.
605 1427 642 1492 V.
670 1429 728 1492 96:
764 1423 873 1510 βραχὺ
910 1423 947 1490 δέ
982 1444 1014 1491 τι
1037 1427 1190 1493 τουτέων
1222 1435 1311 1497 τοῖσι
1334 1430 1450 1513 παλιγ-

168 1535 394 1603 κοτωτάτοισι
416 1534 585 1618 κρόταφοι
619 1531 762 1617 θερμοί·
795 1534 869 1601 vide
893 1535 1006 1602 Galen.
1043 1535 1105 1601 vol.
1129 1535 1293 1604 XVIII.2
1329 1559 1361 1622 p.
1386 1543 1451 1604 464

167 1645 291 1730 (Killrn)
327 1641 370 1708 τὰ
393 1639 552 1724 κακοήθη
587 1639 782 1725 παθήματα
805 1639 995 1724 παλίγκοτσ
1018 1640 1118 1707 καλεῖ
1150 1645 1206 1709 καί
1229 1643 1268 1710 τὸ
1292 1645 1452 1728 παλιγκα-

168 1754 294 1818 ταίνειν
329 1749 369 1815 τὸ
405 1749 480 1815 οἷον
509 1747 614 1815 πόλιν
648 1747 938 1832 κακοηόεόεσόαι.
986 1749 1143 1817 Similiter
1172 1751 1326 1836 Hippocr.
1364 1750 1450 1817 ἐπιδ.

169 1857 199 1925 δ’
223 1862 275 1941 20,
311 1859 346 1924 L.
371 1858 410 1924 V.
437 1860 500 1924 160
536 1855 649 1922 edat
673 1860 735 1922 τοῦ
770 1859 939 1941 κεραμίου
970 1856 1072 1923 ίπνοο
1101 1860 1317 1941 καταπεσών,
1352 1858 1381 1942 ᾧ
1408 1859 1449 1925 οό

167 1965 392 2052 προσεβλήόη
417 1965 538 2032 αότίκα
554 1966 662 2048 σικόη,
687 1963 821 2048 ἐκαόόη
839 1963 918 2046 ἔσω,
942 1966 999 2031 καί
1023 1966 1158 2051 εἰκοστῇ
1175 1966 1450 2051 ἐπαλιγκότησεν,

168 2078 246 2143 item
262 2097 333 2158 γον.
350 2072 382 2159 β’
400 2079 473 2157 lli,
497 2074 531 2139 L.
551 2073 638 2140 VIII.
656 2075 732 2140 350.
779 2072 943 2157 Imprimis
958 2074 991 2138 in
1008 2072 1172 2157 fracturis
1197 2096 1268 2143 cnm
1284 2078 1382 2144 tertio
1399 2077 1451 2143 vel

168 2190 285 2267 quarto
310 2184 362 2250 die
385 2184 623 2265 ingravescant,
659 2180 903 2264 παλιγκότησις
926 2189 1075 2248 vocatur:
1123 2202 1158 2252 π.
1185 2181 1286 2268 όρόρ.
1309 2182 1388 2269 ἐμβ..
1409 2188 1449 2250 61

168 2293 208 2358 Π.
236 2294 310 2358 220.
337 2293 355 2357 3
381 2291 460 2356 Illvv.
485 2294 671 2372 τεταρταῖα
690 2287 754 2372 γὰρ
779 2288 876 2354 ἰόντα
892 2288 1107 2373 ἐπισημαίνει
1122 2294 1199 2374 τῇσι
1216 2290 1452 2375 παλιγκοτίησι

168 2400 335 2483 μάλιστα,·
358 2400 454 2466 simil.
477 2395 576 2482 μοχλ.
601 2399 746 2479 30-31,
770 2397 812 2463 Π.
830 2400 906 2463 261.
925 2401 977 2478 21,
997 2400 1069 2463 262.
1088 2400 1117 2465 3.
1137 2400 1176 2462 21
1195 2398 1276 2480 Klw,
1294 2418 1330 2464 π.
1348 2396 1450 2481 όρόρ.

169 2506 243 2593 ἐμβ.
269 2511 322 2590 27,
347 2508 387 2574 ΙΙ.
416 2509 488 2576 145.
516 2506 632 2586 lKlv,
657 2502 796 2589 π.,όγμ.
823 2509 874 2588 11,
897 2505 940 2570 II.
967 2507 1018 2572 65.
1047 2508 1097 2591 19,
1123 2508 1175 2588 22,
1200 2509 1252 2573 66.
1279 2505 1449 2587 5,,8Κίοι.

276 2617 405 2683 Mature
429 2622 536 2682 autern
572 2616 822 2681 intermortuam
846 2615 974 2680 videtur
1003 2612 1103 2680 fuisse
1134 2613 1323 2680 vocabulum
1347 2631 1450 2695 neque

168 2724 201 2790 in
225 2723 343 2806 κοινήν
359 2729 535 2806 receptum.
584 2723 666 2790 Nam
683 2723 769 2806 quod
786 2727 904 2806 poetae
921 2721 1141 2801 Alexandrini,
1167 2721 1300 2790 Theocr.
1326 2721 1378 2797 22,
1397 2721 1448 2800 58,

167 2832 289 2900 Mosch.
314 2835 344 2898 4.
364 2834 406 2896 92
431 2834 471 2898 al.
498 2852 536 2898 co
562 2837 707 2912 utuntur,
732 2830 946 2896 imitationem
970 2830 1090 2896 veteris
1114 2829 1222 2912 poesis
1247 2827 1366 2911 prodit.

275 2938 491 3022 παλίγκοτος,
516 2945 553 3006 ut
575 2940 686 3006 videre
701 2938 788 3020 licet,
814 2939 847 3004 in
872 2957 932 3004 usu
957 2944 1007 3006 est
1031 2939 1116 3021 apud
1132 2938 1226 3004 Iones
1251 2941 1285 3002 et
1307 2935 1449 3016 tragicos

168 3069 226 3116 nec
249 3069 313 3116 non
329 3050 447 3133 lyricos
464 3053 588 3131 poetae.
635 3047 685 3112 Ex
708 3047 749 3114 iis
765 3052 886 3129 autem,
911 3066 994 3130 quae
1017 3047 1056 3113 de
1072 3045 1247 3127 veriloquio
1266 3043 1449 3126 disputave-

167 3164 242 3224 runt
268 3158 454 3241 (PrelluitZ,
480 3162 575 3239 etym.
593 3155 756 3222 Wdrterb.
774 3174 799 3221 s.
816 3174 845 3223 v.
860 3152 1067 3236 παλίγκοτος
1091 3157 1124 3219 ct
1138 3152 1249 3234 κότος,
1274 3151 1309 3218 L.
1327 3150 1447 3233 Meyer,

167 3286 213 3347 gr.
240 3267 344 3349 litym.
370 3265 395 3347 I,
420 3286 451 3348 p.
471 3267 534 3331 315
553 3283 576 3331 o.
595 3284 624 3330 v.
649 3262 852 3346 ἀλλόκοτος)
877 3261 1010 3328 dubium
1026 3281 1090 3328 non
1108 3265 1168 3337 cst,
1192 3260 1268 3343 quin
1285 3259 1329 3326 sit
1344 3255 1449 3322 πάλιν

166 3373 277 3456 κότος,
303 3376 546 3456 etsinusqnam
571 3391 685 3440 revera
709 3370 872 3454 significat
896 3371 1035 3452 „iterum
1050 3370 1174 3436 iratus“
1184 3367 1219 3454 ¹),
1244 3366 1301 3432 sed
1324 3365 1449 3448 simpli·

167 3484 247 3549 citer
265 3483 524 3562 „adversarius“.
571 3481 743 3547 Notionem
759 3481 861 3562 igitur
877 3478 1085 3561 repetitionis
1101 3495 1161 3542 usu
1177 3479 1335 3559 perpetuo
1352 3472 1449 3555 plane

166 3593 302 3673 periisse
325 3592 482 3672 videmus,
513 3589 551 3656 cl.
577 3589 666 3654 Suid.
692 3584 905 3669 παλίγκοτος
936 3584 1082 3669 ὀργίλος,
1108 3581 1260 3666 στνγνὸς,
1286 3577 1446 3665 φοβερός,

168 3698 321 3780 ἐναντίος
337 3697 409 3764 κτλ.
434 3697 660 3781 sim.Hesyol1.
687 3696 775 3777 ideo,
800 3696 1000 3778 quodetiam
1025 3695 1057 3759 in
1074 3693 1137 3760 hoc
1159 3691 1317 3759 vocabulo
1334 3707 1448 3756 sensus

166 3807 321 3887 peculiari
345 3805 475 3889 nodo2)
499 3811 644 3873 mutatus
669 3809 730 3889 est,
754 3823 875 3887 vocem,
900 3822 970 3870 cum
994 3803 1027 3868 in
1049 3821 1110 3868 usu
1125 3800 1225 3867 luerit
1240 3797 1327 3881 apud
1353 3796 1448 3862 lones

167 3921 199 3980 et
221 3915 364 3996 tragicos
388 3915 572 3998 lyricosque
596 3918 722 3997 poetas.
747 3911 876 3978 Ionicae
901 3909 1128 3978 consuetudini
1151 3907 1360 3976 vindicamus.

166 4094 378 4106 -——-—

256 4219 278 4288 ¹)
295 4218 396 4272 Lexica
411 4217 550 4272 interdum
563 4216 634 4270 hanc
648 4198 800 4269 versionem
810 4211 951 4282 praebent,
972 4210 1050 4265 cuius
1063 4209 1124 4264 lona
1140 4207 1198 4262 sola
1210 4206 1449 4275 grammaticorum

165 4313 288 4364 veterum
308 4308 433 4362 doctrina
452 4311 494 4360 est
507 4306 643 4378 (Hrolinn.
663 4304 759 4360 Galen.
780 4302 874 4372 auid).
895 4301 1066 4370 Scriptorum
1083 4299 1208 4352 locieam
1227 4297 1295 4351 setis
1313 4295 1444 4350 refutant.

256 4398 278 4467 ¹)
297 4397 386 4453 Simili
404 4397 510 4450 ratione
530 4397 559 4450 in
579 4395 714 4450 Germana
733 4392 828 4462 lingua
849 4390 982 4456 „wieder“
1001 4390 1125 4460 (iterum)
1145 4384 1247 4442 frictum
1268 4388 1311 4440 est
1331 4384 1444 4449 ,vider“

164 4489 326 4558 (adversus),
355 4503 424 4558 quae
452 4502 507 4539 una
534 4484 683 4554 eademque
715 4500 767 4538 vox
797 4485 848 4537 est.
886 4481 969 4534 πόλιν
987 4480 1017 4533 in
1037 4478 1141 4533 Gracco
1171 4492 1294 4533 sermone
1313 4489 1446 4544 nusquam

165 4578 231 4632 alibi
249 4594 357 4633 sensum
377 4576 509 4631 contrarii
527 4575 658 4646 praebere
677 4573 795 4629 videtur.

217 4667 281 4723 Aly,
298 4667 330 4709 De
345 4665 453 4718 Aeschyli
471 4663 533 4717 copia
547 4663 671 4708 verborum.
1234 4663 1252 4713 4
