3232 5176
588 291 807 355 ..85-

59 471 250 535 aecusator“
287 467 339 535 vel
366 468 577 550 ,indicator“,
613 470 701 552 quod
736 471 845 538 sensui
879 474 967 540 vocis
1002 473 1118 541 melius
1153 477 1338 561 respondet,

59 594 130 643 eum
155 577 313 661 respicias
338 595 408 643 eam
432 577 465 643 in
488 577 626 644 bonam
651 596 779 663 quoque
806 584 934 662 partem
962 582 1045 648 verti
1069 583 1128 667 Ag.
1155 586 1216 649 271
1244 565 1338 672 (158)

59 686 145 751 trim.
163 683 201 750 εὖ
218 684 281 768 γὰρ
299 688 514 769 φρονοῦντος
530 682 625 769 ὄμμα
641 688 704 752 σοῦ
720 693 951 773 κατηγορεῖ,
979 690 1109 772 ,oculus
1125 696 1202 757 tuus
1217 691 1340 760 indicat

59 797 93 859 te
116 793 361 860 benevolentem
385 794 488 860 esse“.
535 794 564 858 Α
587 793 744 876 Sophocle
772 794 854 862 haec
883 797 983 881 stirps
1008 799 1055 864 sle
1076 803 1264 882 usurpatur,
1300 806 1338 866 ut

59 899 221 982 significet
237 905 294 967 eut
311 901 489 983 „prodere“
508 902 558 970 hi.
576 902 641 968 906
657 903 744 970 trim.
769 900 884 986 δῆλον·
910 903 947 970 ἐν
962 904 1025 988 γάρ
1043 907 1075 970 οῖ
1087 904 1191 988 χθονί
1207 904 1340 988 πηκτὸν

59 1007 136 1074 τόδ’
154 1007 250 1092 ἔγχος
262 1009 441 1092 αερεκετὲς
451 1014 742 1094 κατηγορεῖεοί
758 1010 866 1094 ,loqui
878 1018 991 1078 contra
1003 1013 1153 1098 aliquem,
1167 1013 1341 1096 obiurgare

60 1116 201 1200 aliquem
225 1117 256 1182 in
281 1117 391 1199 aliqua
414 1119 470 1183 re“
497 1116 574 1183 Oed.
601 1122 663 1200 tyr.
688 1119 754 1182 514
778 1119 863 1183 trim.
899 1125 1144 1204 κατηγορεῖν
1177 1142 1245 1204 μου
1279 1119 1341 1188 τὸν

60 1222 229 1306 τύραννον
246 1222 409 1290 Οἰδίπουν
429 1224 620 1307 ,Oedipoda
643 1225 676 1290 in
700 1245 751 1291 me
775 1226 915 1308 dicere'“,
940 1227 1035 1294 simil.
1064 1229 1128 1294 529
1152 1230 1238 1296 trim.
1278 1229 1342 1294 Hic

59 1349 138 1397 usus
166 1350 269 1414 prope
298 1334 424 1400 accedit
454 1334 496 1400 ad
519 1334 692 1400 accusandi
723 1334 897 1418 notionem,
930 1344 1001 1402 cum
1024 1336 1137 1402 Trach.
1163 1338 1228 1404 814
1252 1337 1338 1405 trim.

60 1457 175 1506 revera
198 1440 389 1523 κατήγορος
411 1442 456 1508 sit
478 1443 516 1524 is,
542 1443 598 1524 qui
621 1446 762 1508 accusat.
810 1442 890 1508 Tum
905 1443 1202 1526 Euripidessemel
1227 1450 1340 1511 contra

60 1547 201 1612 AttIcam
226 1550 490 1615 consuetudinem
514 1549 595 1616 dixit
621 1548 683 1633 frg.
709 1551 772 1617 690
797 1550 883 1617 trim.
906 1549 947 1616 τό
977 1551 1009 1633 γ’
1042 1548 1135 1633 είόος
1163 1551 1247 1618 αὐτό
1278 1572 1340 1618 σον

61 1659 287 1738 κατηγορεῖ
309 1659 480 1739 σιγῶντας.

167 1763 217 1829 nd
241 1763 434 1848 Aeschylum
457 1765 620 1832 artissime
651 1784 686 1833 se
715 1767 859 1850 applicat
880 1767 1040 1834 Herodoti
1064 1766 1121 1836 III.
1149 1768 1212 1832 115
1237 1769 1340 1832 τοῦτο

60 1869 123 1955 μὲν
152 1869 215 1954 γὰρ
240 1869 259 1936 ὁ
289 1867 468 1955 Ἠριδανὸς
492 1871 576 1938 αὐτὸ
602 1878 828 1957 κατηγορεῖ
847 1873 887 1939 τό
912 1871 1022 1957 ὄνομα
1046 1873 1095 1955 ὡς
1118 1872 1188 1939 ἔστι
1221 1870 1338 1955 Ἑλλη-

61 1977 156 2044 νικόν
191 1979 345 2058 „indicat
379 1977 614 2059 proloquitur“.
674 1976 867 2060 Oeteroquin
910 1978 937 2044 Is
972 1981 1175 2060 κατηγορεῖν
1209 1976 1341 2043 notione

62 2087 244 2169 accusandi,
285 2086 476 2168 κατήγορος
511 2086 707 2150 accusatoris
744 2084 832 2166 dicit,
877 2085 905 2150 si
941 2083 1225 2168 Schweighausero
1250 2082 1340 2150 ‘flues

62 2193 211 2260 habenda
246 2200 305 2260 est.
358 2192 480 2258 Verum
515 2190 616 2256 etiam
649 2191 830 2273 Xenophon
865 2191 899 2258 iu
933 2193 1140 2259 institutione
1176 2191 1252 2276 Cyri
1287 2210 1340 2256 ex·

61 2302 151 2368 hibet
182 2302 296 2369 1.4.3
334 2297 431 2383 ὅμως
465 2298 666 2382 ἐμφαίνεται
700 2297 740 2363 τὸ
763 2297 889 2380 νεαρὸν
919 2298 1047 2384 αὐτοῖς,
1074 2298 1092 2366 ὃ
1116 2304 1343 2382 κατηγορεῖ

61 2411 124 2495 την
148 2410 336 2493 ὀλιγοετίαν
360 2408 465 2491 „quod
500 2407 622 2473 indicat
653 2407 803 2491 exiguum
820 2426 976 2474 annorum
1000 2410 1209 2487 numerum‚“
1242 2407 1338 2473 simil.

62 2518 179 2585 Oecon.
198 2520 250 2585 20.
270 2521 309 2582 15
328 2514 403 2582 ἀλλ’
428 2516 450 2599 ἡ
475 2515 513 2580 ἐν
537 2516 681 2598 γεωργίᾳ
704 2514 832 2601 (τέχνη)
856 2513 928 2580 ἐστί
951 2515 1066 2599 σαφὴς
1081 2518 1198 2600 ψυχῆς
1220 2515 1339 2598 uerri

61 2645 185 2708 γορος
207 2629 323 2709 κακῆς.

166 2732 261 2799 Hunc
283 2751 376 2798 usum
401 2735 512 2796 aetate
534 2730 709 2798 remotiore
745 2731 830 2814 apud
855 2729 1069 2796 Athenienses
1104 2749 1168 2796 non
1191 2730 1339 2810 ignotum

60 2839 161 2907 iuisso
184 2842 323 2923 primum
347 2841 477 2923 quidem
512 2840 576 2904 iem
606 2839 680 2905 inde
705 2839 914 2919 concluditur,
952 2837 1037 2920 quod
1061 2837 1151 2903 notio
1175 2836 1341 2903 indicandi

60 2949 93 3015 in
117 2967 195 3015 voce
219 2949 418 3033 κατηγορία
442 2949 512 3014 sine
537 2947 634 3014 dubio
657 2948 748 3030 prior
776 2947 1017 3029 originariaque
1048 2949 1108 3011 est.
1133 2944 1214 3011 Nem
1238 2961 1341 3027 κατη-

60 3060 174 3141 γορεῖν
203 3063 253 3124 est
275 3058 364 3140 loqui
393 3056 481 3122 κατά
505 3073 606 3136 τινος,
642 3056 726 3138 quod
755 3055 783 3120 si
806 3062 904 3120 usum'
923 3053 1179 3137 praepositionis
1202 3052 1290 3118 κατά
1314 3068 1340 3118 c.

59 3180 132 3248 gen.
159 3164 315 3248 conferas,
341 3165 501 3248 duplicem
525 3178 655 3230 sensum
679 3162 779 3228 habet
802 3168 836 3229 et
859 3163 921 3241 „de
945 3162 1077 3244 aliquo“
1109 3167 1142 3226 et
1166 3160 1342 3242 ,adversus

60 3273 234 3356 aliquem“.
269 3274 361 3339 ·Tum
384 3293 472 3358 vero,
498 3273 584 3355 quod
608 3271 831 3355 gravissimum
856 3275 916 3350 est,
940 3269 1081 3352 vestigia
1104 3267 1190 3351 apud
1214 3267 1342 3334 Atticos

59 3382 236 3464 scriptores
267 3382 412 3464 quamuis
437 3382 554 3462 exigue
587 3399 651 3447 non
677 3379 806 3446 desunt.
854 3376 1056 3462 Thucydides
1080 3376 1209 3459 quidem
1232 3379 1284 3442 ter
1308 3380 1342 3442 et

63 3491 169 3557 decies
205 3494 408 3573 κατηγορεῖν
443 3488 574 3555 notione
609 3487 781 3555 accusandi
816 3486 996 3568 usurpavit,
1033 3485 1090 3551 sed
1123 3483 1148 3549 1.
1180 3486 1220 3548 91
1259 3483 1340 3550 dixit

64 3599 188 3681 σαφῶς
220 3598 574 3681 κατηγορούντων
614 3597 653 3662 de
677 3596 871 3677 hominibus,
908 3595 963 3678 qui
995 3592 1147 3677 Spartam
1181 3593 1341 3659 nuntia·

61 3712 212 3772 rerunt
235 3725 345 3773 muros
370 3707 525 3783 construi,
564 3711 598 3772 et
620 3704 708 3772 VIII.
732 3706 775 3769 92
805 3705 834 3769 εί
856 3702 904 3787 μὴ
928 3699 1207 3785 ααρακίηείεῖσαι
1228 3699 1343 3784 ἥκοιεν

63 3814 131 3898 ἐφ’7
151 3815 271 3899 οίσκερ
296 3816 353 3881 καί
377 3813 483 3896 αὐτὸς
506 3813 559 3880 ἀεί
582 3813 806 3896 κατηγόρει
831 3831 890 3894 „ea
907 3811 1105 3892 condicione,
1129 3828 1193 3893 qua
1216 3814 1250 3875 et
1273 3809 1344 3891 ipse

62 3936 191 4005 semper
215 3923 382 3989 indicabat
417 3942 460 3990 sc.
491 3924 525 3989 id
547 3922 664 4005 faeere,
699 3922 786 4005 quod
809 3922 842 3986 in
867 3920 923 3985 illo
960 3919 1066 4002 capite
1091 3915 1341 3984 commendatur.

63 4029 290 4114 Xenophontis
312 4038 421 4099 autem
445 4033 533 4098 locos
554 4032 749 4098 Herodoteis
774 4029 971 4110 adneximus,
996 4025 1227 4093 examinandus
1243 4024 1344 4106 igItur

65 4140 261 4222 relinquitur
277 4141 382 4222 Plato,
401 4141 456 4223 qui
474 4140 584 4206 tricies
602 4142 812 4220 κατηγορεῖν,
828 4138 935 4204 decies
951 4135 1141 4217 κατήγορος
1155 4149 1253 4199 sensu
1270 4148 1343 4198 con·

64 4252 158 4314 sueto
193 4249 333 4330 exhibet,
371 4249 429 4314 sed
460 4246 679 4313 Ρ1ιεεο.ῖδΒ
715 4242 871 4310 ἐνταῦοα
901 4244 1100 4327 σαφέστατα
1123 4245 1346 4323 κατηγορεῖ
1478 4331 1479 4335 ¹

65 4352 118 4422 ὅτι
141 4360 246 4423 τοῦτο
271 4354 383 4438 οὕτως
411 4354 486 4438 ἔχει,
522 4353 654 4451 Theaet.
689 4352 785 4417 167A
821 4348 901 4416 οὐὸὲ
929 4347 1235 4433 κατηγορητέον
1265 4366 1344 4429 ,nec

68 4465 322 4546 praedicandum
347 4467 416 4531 est“
442 4463 490 4544 (in
515 4480 571 4528 ore
586 4458 810 4543 Protagorae),
834 4459 902 4524 Alo.
926 4458 952 4523 Ι.
979 4453 1344 4537 10511νῦνὸὲὲτερα

66 4573 109 4642 οὗ
129 4574 403 4662 κατηγορήσω
427 4569 651 4655 διανοήματα,
675 4569 752 4637 ibid.
779 4566 877 4636 1181)
903 4565 953 4645 ὡς
975 4564 993 4631 ὁ
1013 4562 1115 4649 λόγος
1139 4573 1202 4630 σον
1226 4580 1344 4646 κατη-
