3232 5176
696 278 915 342 ..39-

360 505 639 606 ouonnouon,
665 523 948 606 ouounouun,
974 525 1247 597 ououpoum.

276 671 314 740 cf.
339 670 546 752 Rutherford‚
571 690 601 736 n.
627 670 702 735 Phr.
727 690 759 753 p.
779 671 830 751 15,
855 669 1045 752 Wittekind,
1070 691 1101 753 p.
1119 672 1171 735 37.

275 780 379 847 Prom.
411 780 473 844 659
505 778 598 863 (658)
626 778 711 843 trim.
750 777 768 842 ὁ
804 775 836 842 θ’
868 776 904 858 ἕς
937 795 974 842 τε
1008 775 1123 843 Πυθὼ
1157 777 1240 844 κάπὶ
1271 778 1443 864 Δαιόώνης

172 886 324 969 πυκνοὺς
343 885 348 974 1
369 885 635 968 θεοπρόπους
659 882 784 952 ίαλλεν.
817 884 912 967 Soph.
932 885 1045 952 Trach.
1064 887 1128 950 822
1146 886 1231 953 chor.
1249 885 1378 968 τοθπος
1401 887 1441 953 τὸ

168 993 422 1077 θεοπρόπον.
479 993 540 1076 frg.
565 999 648 1076 trag.
678 993 786 1074 adesp.
811 995 873 1057 106
902 987 1042 1059 Nauck²
1066 1022 1111 1048 =
1133 992 1193 1075 frg.
1222 1013 1299 1060 com.
1330 997 1441 1079 adesp.

174 1103 258 1167 1232
283 1102 387 1184 (Kock
402 1102 459 1167 ΙΙΙ.
479 1104 552 1173 612,
576 1100 650 1167 Μεί.
666 1100 721 1167 IV.
739 1099 816 1183 610)
841 1100 925 1165 trim.
949 1100 1034 1180 apud
1052 1098 1116 1165 Cic.
1133 1101 1173 1165 ad
1189 1102 1256 1170 Att.
1273 1103 1323 1167 15.
1340 1107 1390 1166 11.
1409 1104 1440 1189 3,

171 1212 306 1274 1662
330 1209 352 1292 ή
377 1207 466 1291 (δεῦρ’
493 1205 573 1287 ὁόός
597 1226 650 1273 σοι
673 1208 707 1272 τί
729 1206 871 1273 όόναται
892 1207 989 1292 [νῦν]
1011 1205 1229 1290 θεοπρόπε.
1279 1210 1355 1278 eiec.
1379 1213 1442 1275 νῦν

168 1315 278 1396 Cobet,
314 1316 368 1398 qui
403 1335 474 1380 nov.
498 1315 571 1380 lect.
597 1335 628 1398 p.
648 1317 688 1379 29
725 1315 912 1397 tragoediae
947 1333 1076 1381 versum
1110 1316 1292 1383 vindicavit.
1346 1318 1440 1399 Apud

168 1424 358 1507 Aeschylum
382 1421 584 1505 θεοπρόπος
610 1423 780 1504 „nuntius“
803 1426 863 1502 est,
889 1423 943 1505 qui
967 1422 1095 1488 oraculo
1120 1424 1312 1489 consulendo
1336 1424 1438 1489 mitti·

166 1535 232 1607 tur;
273 1531 359 1612 apud
396 1528 587 1612 Sophoclem
626 1531 784 1596 adiectiva
822 1530 853 1596 vi
888 1547 958 1595 cum
993 1548 1070 1596 voce
1110 1528 1191 1611 ἔπος
1230 1532 1436 1597 coniunctum

167 1637 329 1721 significat
359 1638 555 1721 ,μάντευμα
583 1639 808 1718 vaticinium“;
843 1637 877 1702 in
911 1636 1091 1719 fragmento
1126 1643 1233 1703 autem
1262 1638 1437 1704 verisimile

168 1751 218 1811 est
241 1743 443 1828 θεοπρόπον
465 1745 583 1811 iterum
606 1746 753 1811 nuntium
776 1763 856 1826 esse,
892 1763 931 1810 en
959 1765 1023 1827 quo
1054 1750 1238 1828 quaeratur,
1274 1746 1351 1828 quid
1374 1746 1437 1811 sibi

166 1853 245 1920 velit
268 1852 290 1935 ή
315 1850 404 1935 δεῦρ’
429 1851 510 1933 όόός
533 1853 607 1931 „via
631 1855 672 1919 ad
696 1854 860 1918 oraculum
882 1851 1000 1918 facta‘t

273 1957 473 2042 θεοπρόπος
502 1960 634 2042 eiusque
664 1960 810 2025 derivata
840 1962 926 2044 apud
955 1961 1079 2028 Atticos
1108 1962 1282 2043 scriptores
1311 1960 1439 2027 omnino

166 2086 230 2132 non
254 2067 470 2149 reperiuntur,
494 2068 645 2150 leguntur
669 2072 777 2133 autem
800 2068 865 2133 iam
896 2069 981 2150 apud
1003 2068 1179 2134 Homerum
1208 2070 1354 2144 devote,
1384 2069 1439 2150 qui

168 2175 298 2240 oracula
321 2175 378 2240 dat
402 2180 435 2240 et
458 2175 608 2258 prodigia
631 2175 875 2257 interpretatur.
911 2175 1072 2240 Adiectivi
1095 2176 1159 2241 vim
1182 2175 1280 2242 habet
1303 2173 1341 2239 N
1354 2178 1395 2240 70

380 2279 519 2365 Κάλχας
626 2281 827 2364 θεοπρόπος
851 2282 1039 2364 οἰωνιστής,

168 2388 363 2456 substantivi
386 2395 494 2456 autern
519 2412 541 2455 α
556 2392 621 2455 416

380 2495 460 2562 οὔτε
482 2495 697 2580 θεοπροπίης
721 2496 922 2579 ἐμπάζομαι,
946 2495 1065 2578 ήντινα
1087 2497 1199 2578 μήτηρ

380 2604 415 2685 ἐς
437 2605 585 2687 μέγαρον
607 2601 781 2670 καλέσασα
803 2603 1005 2686 θεοπρόπον
1029 2601 1208 2686 ἐξερέηται,

167 2712 243 2776 item
258 2709 298 2774 M
306 2713 379 2776 228.
403 2713 495 2778 Unde
509 2713 671 2778 oraculum
684 2717 733 2779 est
746 2711 959 2795 θεοπρόπιον
972 2710 1004 2775 Α
1013 2713 1054 2777 85
1068 2709 1249 2793 θαρσήσας
1260 2708 1353 2793 μάλα
1366 2710 1438 2776 είπὲ

168 2817 382 2902 θεοπρόπιον
406 2816 458 2883 ὅτι
474 2818 589 2900 οἶσθα,
614 2821 683 2886 sim.
702 2818 733 2883 Z
742 2821 817 2886 438.
847 2820 922 2885 Pari
938 2837 1035 2885 sensu
1050 2823 1229 2901 usurpatur
1243 2816 1439 2899 θεοπροπία

168 2923 202 2990 Α
224 2927 288 2991 385
320 2925 460 3008 ἀγόρευε
487 2925 702 3011 θεοπροπίας
729 2927 872 2992 ἑκάτοιο.
919 2923 952 2990 Α
974 2929 1014 2991 87
1040 2924 1203 2990 Δαναοῖσι
1224 2922 1440 3006 θεοπροπίας

169 3031 377 3116 ἀναφαίνεις.
413 3032 444 3098 A
458 3037 476 3098 7
480 3032 623 3099 94=H
631 3037 674 3100 36
691 3035 719 3099 εί
736 3032 773 3099 όέ
788 3053 863 3099 τινα
880 3035 979 3116 φρεσί
993 3031 1051 3116 ήσι
1066 3030 1282 3114 θεοπροπίην
1299 3028 1438 3094 ἀλεείνει

170 3140 208 3204 de
226 3141 359 3225 Achille,
384 3143 438 3224 qui
461 3144 619 3225 repondet
642 3140 680 3206 H
693 3144 735 3206 50
747 3171 791 3196 =
804 3163 826 3206 α
842 3143 906 3205 415
931 3159 1029 3222 ευριπ
1045 3139 1131 3206 ellat.
1146 3168 1191 3194 =
1201 3137 1224 3221 β
1240 3141 1301 3204 201

536 3247 615 3314 οὔτε
636 3247 852 3332 θεοπροπίης
875 3246 1076 3330 ἐμπάζομαι.

170 3355 230 3433 Qui
253 3354 454 3438 deerraturos
478 3362 537 3440 est,
567 3355 761 3438 θεοπροπεῖ
782 3354 814 3420 Α
833 3358 895 3420 109
912 3383 957 3410 =
972 3351 1002 3418 B
1019 3356 1083 3419 322
1098 3383 1143 3409 =
1159 3350 1181 3435 β
1199 3354 1271 3418 184.
1317 3352 1438 3418 Eodem

172 3479 268 3528 sensu
293 3463 370 3528 dicit
394 3463 551 3530 Pindarus
574 3464 669 3548 Pyth.
685 3464 740 3530 IV.
762 3465 823 3528 190

519 3571 639 3653 μάντις
663 3569 829 3654 ὀρνίχεσσι
852 3568 909 3634 καί
931 3566 1086 3651 κλάροισι

520 3677 749 3760 θεοπροπέων
773 3679 876 3759 ἱεροῖς
899 3675 1036 3759 Μόψος.

169 3789 203 3850 et
225 3785 340 3850 Bacch.
358 3785 413 3850 XI.
431 3787 469 3849 41

559 3890 581 3974 ή
605 3911 681 3958 τινα
703 3891 921 3976 θευπροπίαν
945 3890 1054 3973 εἰδώς.

274 4000 316 4065 Et
336 3997 550 4083 θεοπρόπιον
567 4001 693 4083 quidem
711 4000 978 4082 significationem
994 4000 1138 4066 vaticinii
1154 4009 1280 4077 semper
1295 3996 1438 4073 retinuit,

171 4106 208 4174 ci.
226 4108 344 4174 Herod.
361 4108 387 4173 Ι.
403 4111 431 4187 7,
447 4110 498 4188 54,
514 4111 564 4183 88,
580 4111 632 4189 69,
647 4110 719 4189 165,
735 4108 792 4174 ΠΙ.
809 4110 859 4183 64,
871 4108 941 4175 VII.
954 4110 1027 4191 117,
1044 4108 1098 4173 IX.
1113 4107 1164 4171 93.
1199 4102 1440 4185 θεοπρόπος

171 4221 279 4281 autem
314 4216 399 4298 apud
423 4215 535 4282 Iones
566 4217 670 4298 quinti
695 4222 728 4281 et
750 4216 857 4297 quarti
881 4215 1000 4281 saeculi
1026 4212 1244 4295 „nuntium“
1269 4209 1439 4292 significat,

170 4324 225 4405 qui
249 4324 369 4389 oraculi
394 4323 580 4389 consulendi
603 4325 711 4406 gratia
734 4324 887 4388 mittitur:
912 4323 1031 4389 Herod.
1048 4321 1072 4386 1.
1090 4324 1129 4386 67
1147 4321 1346 4403 πέμψαντες
1361 4316 1441 4383 θεο-

172 4430 329 4512 πρόπους
353 4430 388 4511 ἐς
412 4428 567 4512 Δελφοὺς
592 4430 804 4512 ἐπειρώτων,
834 4430 946 4495 eadem
969 4430 1094 4495 ratione
1118 4447 1178 4494 vox
1200 4426 1320 4510 legitur
1343 4426 1368 4490 1.
1386 4426 1438 4504 48,

173 4539 224 4620 78,
251 4539 322 4615 158,
351 4540 423 4619 174,
449 4538 485 4607 V.
504 4539 556 4619 79,
580 4539 704 4619 7157,
724 4538 796 4618 135,
821 4536 892 4607 VII.
912 4540 984 4619 140,
1006 4540 1080 4608 141.
1116 4538 1197 4603 Sunt
1219 4552 1332 4601 revera
1355 4533 1440 4615 apud
