3232 5176
690 283 917 347 -62-

165 462 410 531 consuetudinis
446 461 541 528 testis
573 460 702 527 uidetur
737 479 818 540 esse,
855 458 1060 544 quantumuis
1095 455 1223 526 differat
1261 459 1450 526 adiutione

163 576 342 638 oratorum.
1060 588 1063 592 ⁴

273 679 466 760 Priusquam
481 677 586 760 ipsam
600 696 667 743 rem
681 676 896 759 aggredimur,
913 674 1126 742 nominandus
1140 680 1190 742 est
1202 676 1251 742 W.
1270 675 1451 758 schulze,

163 787 218 869 qui
243 787 282 851 de
298 786 407 868 prisca
422 784 551 851 Atthidi
566 804 670 867 nuper
685 784 839 850 iudicium
855 783 932 850 fecit
948 783 1183 866 grauissimum,
1208 803 1277 850 cum
1294 783 1452 850 Kretsch·

164 893 246 958 meri
272 892 389 957 librum
426 894 466 958 de
495 893 604 975 operis
628 892 737 958 fictilis
761 892 1026 974 inscriptionibus
1051 893 1268 974 conscriptum
1292 897 1455 958 tractaret

165 1001 253 1066 Gdtt.
272 1000 334 1082 gel.
353 1001 429 1065 Auz.
452 1001 547 1075 1896,
571 1019 601 1082 p.
622 1001 761 1082 228sqq.
787 999 948 1082 Imprimis
970 1018 1054 1082 quoe
1070 1019 1101 1082 p.
1120 1003 1178 1064 251
1191 1019 1240 1083 sq.
1258 1000 1450 1082 disputavit,

168 1109 199 1172 iu
226 1109 451 1190 quaestionem
480 1114 624 1174 nostram
651 1107 782 1173 cadunt:
809 1108 862 1174 die
886 1109 1024 1174 attisohe
1054 1106 1311 1190 poiersprache
1335 1159 1344 1174 .
1368 1156 1377 1173 .
1402 1127 1454 1173 re·

166 1217 368 1296 priseutiert
402 1215 454 1280 lllr
488 1234 549 1281 uus
585 1216 656 1282 eine
681 1215 769 1280 nicht
804 1215 1034 1283 unwesentlioh
1059 1215 1335 1281 altertilmlichere
1360 1214 1453 1280 Stuie

166 1324 224 1388 der
247 1323 473 1406 Entuichluug
508 1324 557 1388 als
592 1324 650 1388 das
674 1323 822 1390 Attische
856 1324 914 1389 der
949 1323 1149 1389 klassischen
1185 1323 1352 1388 Literatur
1385 1322 1453 1387 und

166 1429 256 1496 steht
286 1431 360 1497 dem
382 1430 567 1511 Jonischeu,
604 1431 662 1496 dos
698 1430 867 1496 derselbeu
893 1429 1022 1495 Wurzel
1058 1437 1278 1512 entsprosseu,
1315 1429 1452 1495 dcshalb

171 1537 255 1603 noch
289 1558 345 1604 um
379 1538 471 1604 einen
508 1537 631 1603 Schritt
666 1538 777 1604 uther.
825 1538 921 1619 Legit
949 1539 1032 1603 enim
1069 1539 1100 1602 irr
1133 1539 1220 1605 uasis
1246 1538 1362 1603 Atticis
1397 1555 1453 1602 τοι

169 1665 229 1727 pro
271 1647 340 1727 σοί,
376 1645 463 1728 μετά
500 1665 560 1728 pro
595 1644 683 1725 εἶτα,
724 1645 849 1727 κάρτα,
892 1644 1053 1726 πέσοιμο,
1094 1663 1174 1728 quas
1211 1664 1305 1712 uoces
1341 1645 1449 1710 adhuc

170 1772 234 1819 uon
259 1761 341 1836 erat,
377 1753 454 1835 quin
477 1752 605 1818 Ionicos
639 1759 780 1834 putaret.
838 1751 943 1818 Huius
978 1753 1038 1817 viri
1074 1753 1161 1818 docti
1196 1753 1359 1819 sententia
1395 1771 1456 1835 per

172 1879 208 1927 se
243 1861 333 1926 dubii
368 1859 494 1943 plena¹)
529 1879 549 1924 a
585 1859 678 1926 nobis
714 1860 801 1926 omni
836 1861 930 1926 modo
965 1859 1118 1926 fulcietur
1147 1862 1260 1927 eodem
1285 1862 1380 1927 modo
1405 1866 1455 1926 at·

169 1988 232 2051 que
255 1969 312 2034 illa
335 1975 468 2034 nostrae
491 1968 673 2051 quaestioni
697 1967 906 2033 fundamento
931 1973 991 2048 est,
1026 1973 1064 2032 ut
1087 1987 1253 2050 speremus
1278 1969 1359 2034 certi
1395 1967 1455 2032 ali-

168 2078 247 2160 quid
270 2080 381 2142 uostra
405 2076 597 2158 quaestione
632 2076 733 2140 statui
756 2094 862 2157 posse,
899 2075 1071 2142 dummodo
1107 2077 1277 2142 materiam
1302 2082 1335 2142 et
1359 2076 1456 2160 quasi

168 2185 386 2267 investigandi
409 2183 645 2265 supellectilem
668 2190 701 2248 et
725 2184 867 2266 undique
892 2188 926 2249 et
949 2184 1191 2249 accuratissime
1216 2185 1456 2268 conquiramus.

167 2292 286 2358 Utrum
310 2299 419 2357 autem
435 2292 534 2356 uerba
557 2292 664 2372 prisca
682 2292 790 2356 Attica
805 2310 919 2357 reuera
943 2292 976 2356 in
993 2293 1164 2372 tragoedia
1179 2291 1301 2358 fuerint
1318 2293 1458 2358 Attica

168 2418 210 2464 an
235 2418 274 2465 ex
297 2399 416 2465 veteris
440 2417 577 2481 poeseos
613 2399 784 2464 verborum
806 2399 962 2465 thesauro
994 2418 1013 2464 a
1036 2400 1170 2481 tragicis
1194 2401 1301 2482 poetis
1336 2400 1455 2466 hausta

169 2508 244 2586 sint,
282 2507 364 2573 hanc
388 2506 611 2589 quaestionem
646 2507 742 2589 plane
771 2508 902 2573 missam
926 2506 1071 2587 fecimus,
1108 2507 1185 2589 quia
1209 2526 1248 2572 eo
1271 2525 1330 2573 nec
1356 2508 1455 2573 dubia

171 2619 221 2680 est
245 2614 329 2679 etsi
354 2614 431 2697 quid
455 2615 554 2680 habet
578 2614 677 2697 dubii,
702 2634 764 2681 non
790 2616 984 2682 necessaria.

726 2881 890 2950 ΠΑΓΟΣ.

277 3061 409 3126 Initium
426 3061 591 3144 capiamus
615 3081 634 3126 a
657 3081 735 3129 voce
758 3062 869 3145 πάγος
893 3081 1014 3144 ,mons
1041 3061 1165 3142 collis“,
1191 3061 1281 3127 cuius
1299 3061 1455 3127 memoria

172 3168 300 3234 minime
325 3169 487 3251 ambiguo,
523 3170 637 3235 sedin
662 3171 749 3235 omui
783 3176 876 3252 parte
901 3170 1043 3236 dilucida
1072 3175 1132 3251 eet,
1169 3168 1206 3236 cl.
1232 3168 1454 3235 Rutheriordii

172 3276 232 3342 hac
257 3278 296 3342 de
320 3295 397 3344 voce
422 3277 584 3358 iudicium,
608 3296 678 3343 neu
701 3277 819 3361 Phryu.
844 3297 874 3360 p.
904 3279 953 3359 12,
979 3279 1090 3344 adnot.
1115 3279 1145 3343 3.

278 3385 315 3450 Iu
340 3385 473 3451 Homeri
497 3384 634 3468 Odyssia
657 3385 795 3468 legimus
820 3388 916 3451 e405
942 3383 1016 3450 ἀλλ’
1036 3384 1136 3451 ducat
1158 3382 1351 3468 προβλῆτες
1375 3382 1456 3450 ἔσαν

174 3490 338 3574 σπιλάδες
359 3511 397 3557 τε
419 3492 545 3575 πάγοι
568 3511 606 3557 τε
640 3496 719 3571 „sed
753 3512 851 3576 rupes
875 3493 1055 3559 eminentes
1092 3498 1187 3559 eraut
1215 3496 1249 3557 et
1272 3493 1399 3574 scopuli
1422 3497 1455 3557 et

180 3603 290 3679 saxa“,
325 3601 402 3665 item
428 3621 444 3665 ε
471 3602 534 3664 411
561 3601 686 3682 πάγοι
709 3600 800 3683 ὀξέες
824 3601 862 3666 oi.
881 3601 1019 3683 Hesych.
1044 3619 1069 3666 e.
1088 3621 1116 3666 u.
1143 3600 1255 3682 πάγοι·
1281 3600 1316 3665 οἱ
1341 3598 1453 3683 ἐξοχοὶ

172 3709 243 3770 τῶν
267 3710 403 3789 ποιρῶν
439 3709 496 3773 καὶ
518 3711 590 3790 τῶν
615 3708 718 3791 ὀρῶν.
765 3709 880 3791 Neque
916 3709 1012 3774 aliter
1047 3709 1150 3775 sensit
1174 3709 1346 3789 Hesiodus,
1384 3727 1455 3774 curn

172 3814 295 3879 diceret
318 3820 398 3880 scut.
425 3816 490 3880 439
518 3816 649 3898 πάγος
672 3814 710 3881 dd
733 3816 765 3880 ol
786 3812 1017 3897 ἀντεβόλησεν
1040 3813 1179 3897 ὑψηλός
1202 3814 1355 3894 „cadenti
1379 3833 1455 3880 saxo

173 3919 286 3984 obvius
321 3919 382 3986 fuit
407 3923 530 3988 collis“.
578 3924 686 3988 Etiam
710 3922 923 3988 Archilochus
947 3941 1055 3988 vocem
1081 3923 1182 3987 isdem
1207 3921 1275 3989 fere
1300 3921 1456 4004 epithetis

173 4033 321 4092 ornatam
356 4028 484 4096 induxit
506 4029 567 4113 frg.
593 4032 681 4095 87.1
719 4027 858 4112 ὑψηλὸς
880 4029 1009 4111 πάγος
1032 4030 1159 4113 τρηχύς
1188 4049 1225 4094 τε
1253 4030 1310 4096 καὶ
1339 4027 1456 4110 παλίγ-

173 4150 285 4213 κοτος.
334 4136 413 4202 Turn
438 4139 597 4204 Pindarus
634 4139 815 4220 tragicique
844 4143 961 4219 poetae
996 4157 1068 4203 eam
1092 4138 1254 4219 exhibent,
1290 4138 1380 4202 uelut
1402 4137 1457 4202 ille

174 4240 287 4307 collem
304 4242 472 4327 Olympiae
488 4250 599 4311 uotum
623 4251 717 4312 vocat
741 4245 789 4311 01.
807 4245 847 4311 X.
866 4249 908 4310 49
932 4247 1062 4328 πάγος
1085 4243 1222 4328 Κρόνου
1246 4251 1280 4312 et
1304 4245 1344 4310 de
1360 4245 1457 4330 plana

290 4490 311 4558 ¹)
328 4491 425 4546 Nonne
446 4493 573 4562 „Iouioa“
604 4493 654 4549 illa
672 4494 756 4549 verbu
774 4494 858 4549 simili
877 4497 983 4549 ratione
1012 4498 1094 4566 alque
1114 4495 1218 4550 formae
1237 4493 1383 4548 verborum
1403 4492 1457 4546 Do·

172 4577 246 4633 ricae
265 4579 294 4634 in
313 4580 507 4651 inscriptiones
526 4600 654 4639 uasorum
672 4583 752 4639 illata
770 4583 855 4640 fuisse
875 4584 1008 4655 possunt?
1508 4582 1512 4589 ’
