3232 5176
684 277 904 341 ..84-

165 452 327 538 ἑπιστολή
363 460 472 529 autem
493 455 646 522 undecies
683 456 722 522 de
744 455 899 540 epistula,
935 455 1036 522 semel
1070 459 1199 527 tantum
1227 453 1446 529 demandato

167 563 240 646 (lyr.
265 563 341 629 inst.
368 563 398 626 5.
417 563 446 626 5.
466 565 497 629 4.
521 561 610 628 κατὰ
632 561 696 645 τὴν
717 559 836 645 Κύρου
861 561 1098 645 ἐπιστολήν.

272 670 368 763 Apud
390 669 589 738 recentiores
607 690 717 739 omnes
734 669 898 754 ἐπιστολή
923 671 963 738 de
979 670 1111 752 litteris,
1128 669 1244 741 Latine
1268 670 1447 753 epistula

164 779 197 847 in
220 797 282 844 usu
306 782 365 859 est,
390 796 462 844 cum
477 779 664 847 mundatum
687 784 820 846 vocetur
837 776 969 862 ἐντολή,
993 786 1117 846 utnon
1141 778 1212 847 sine
1228 797 1328 846 causa
1344 778 1446 861 scrip·

163 891 233 952 tum
267 885 311 952 sit
345 886 411 952 soh.
434 886 541 953 Prom.
567 888 586 955 3
615 885 693 971 ὀίχα
722 887 828 971 φασὶν
866 883 1043 969 Ἀθηναῖοι
1078 883 1262 966 ἐπιστολὰς
1296 886 1356 951 καὶ
1393 883 1443 951 ἐν·

164 991 279 1073 coicis.
324 992 392 1061 Nec
414 993 548 1060 verbum
570 992 758 1060 ἐπιστέλλω
794 994 891 1061 aliter
913 1000 1089 1077 usurpatur
1123 994 1186 1060 nisi
1210 994 1251 1062 de
1275 992 1446 1063 mittendis

164 1101 284 1168 litteris
308 1101 420 1168 aliisve
447 1101 554 1168 rebus.
564 1099 589 1188 1)

271 1208 340 1275 Iam
364 1209 405 1274 ad
428 1208 555 1274 initium
572 1208 802 1291 disputationis
817 1209 925 1277 redire
948 1208 1035 1290 licet,
1060 1212 1234 1291 postquam
1249 1208 1448 1280 testimoniis

167 1316 410 1399 comprohatum
434 1321 486 1382 est
505 1314 672 1398 4ἐπιστολή
708 1335 818 1382 vocem
842 1322 876 1383 et
911 1317 946 1383 in-
968 1317 1139 1397 tragoedia
1174 1321 1208 1383 et
1242 1315 1329 1397 apud
1352 1315 1447 1383 Iones

168 1442 239 1493 esse
262 1425 460 1504 mandatum,
497 1424 586 1490 cuius
615 1422 862 1510 significationis
887 1424 1067 1508 exemplum
1092 1424 1215 1491 nullum
1238 1424 1326 1506 apud
1349 1423 1450 1493 ntue-

167 1533 295 1599 nienses
324 1533 497 1618 reperitur,
534 1532 619 1615 quod
643 1533 676 1597 in
701 1532 832 1601 dubium
857 1537 1005 1600 vocatum
1028 1551 1092 1598 non
1117 1534 1169 1598 sit.
1218 1531 1340 1598 Tamen
1364 1530 1448 1597 hanc

168 1641 254 1707 inter
277 1641 401 1722 priscas
424 1640 551 1707 Atticas
574 1640 751 1723 posuimus,
780 1659 855 1708 nam
879 1641 1017 1724 primum
1042 1640 1171 1724 quidem
1195 1640 1229 1707 in
1253 1640 1352 1709 verbo
1379 1637 1448 1703 ἐπι-

170 1745 302 1827 στέλλω
326 1747 500 1815 mandandi
524 1747 615 1814 notio
632 1746 884 1815 Atheniensibus
908 1752 1067 1817 consueta
1089 1747 1167 1822 fuit;
1190 1751 1260 1813 tum
1283 1763 1361 1812 vero
1386 1745 1450 1829 sig-

169 1853 372 1922 nificationes
407 1873 507 1937 supra
531 1859 799 1921 commemoratae
834 1855 882 1921 ita
904 1855 991 1922 iuter
1014 1873 1050 1922 se
1074 1854 1258 1935 cohaerent,
1287 1858 1326 1918 ut
1348 1852 1450 1936 trogi·

170 1962 314 2031 coioniae
347 1961 504 2045 primaria
538 1962 688 2028 uideatur
720 1960 830 2044 fuisse,
868 1980 907 2028 ex
941 1981 1006 2046 qua
1029 1963 1138 2029 Attica
1169 1961 1256 2029 lacta
1280 1965 1340 2042 est,
1380 1979 1451 2027 cnm

170 2070 259 2150 notio
283 2069 427 2137 mandati
444 2068 678 2136 transferretur
701 2069 743 2135 ad
759 2074 882 2139 eertum
897 2069 1058 2152 quoddam
1086 2069 1283 2150 mandatum,
1308 2069 1343 2135 id
1363 2068 1453 2152 quod

168 2176 240 2243 loco
276 2177 520 2245 Trachiniarum
561 2179 643 2245 satis
678 2178 921 2261 comprobatum
958 2183 1017 2245 est.
1082 2177 1178 2245 Nullo
1220 2177 1321 2260 igitur
1355 2176 1450 2243 modo

171 2282 334 2367 ἐπιστολή
358 2286 586 2366 ,mandatum“
613 2287 763 2368 aprisca
784 2284 1029 2354 Atheniensium
1053 2284 1285 2353 consuetudine
1310 2285 1450 2351 alienum

172 2398 252 2478 erat,
277 2399 375 2476 atque
399 2393 559 2477 epistulae
583 2393 852 2476 significationem
874 2395 926 2460 his
951 2394 1029 2461 solis
1052 2393 1264 2461 vindicamus

682 2652 936 2730 ΚΑΤΗΓΟΡΩ.

280 2838 358 2911 (lum
391 2840 454 2906 hoc
487 2841 558 2907 loco
582 2842 804 2924 quaestionem
829 2842 869 2908 de
894 2839 1077 2924 significatu
1112 2858 1226 2908 uocum
1250 2839 1450 2934 κατήγορος,

170 2948 369 3030 κατηγορέω
392 2949 611 3029 adnectamus,
637 2969 674 3015 eo
698 2950 769 3031 ipso
785 2950 965 3015 iudicamus
990 2967 1101 3014 earum
1125 2947 1314 3014 memoriam
1338 2946 1451 3011 eadem

173 3055 361 3121 condicione
384 3056 434 3123 uti
458 3061 556 3138 atque
576 3056 836 3123 antecedentium
854 3073 973 3121 vocum.
1024 3052 1226 3137 Κατήγορος
1249 3054 1336 3136 apud
1354 3052 1453 3118 Athe·

176 3163 305 3231 nienses
327 3164 357 3229 is
381 3169 440 3245 est,
476 3165 532 3247 qui
555 3170 696 3246 accusat,
721 3169 923 3246 κατηγορεῖν
946 3164 1048 3246 igitur
1070 3180 1235 3243 accusare,
1266 3175 1332 3241 qua
1355 3157 1396 3223 de
1418 3175 1454 3222 re

173 3269 275 3341 verba
308 3270 415 3341 facere
448 3272 579 3354 longum
605 3277 664 3338 est.
710 3272 748 3337 In
782 3271 953 3354 tragoedia
970 3277 1086 3337 ‘autem
1121 3269 1251 3336 vocibus
1279 3267 1346 3333 illis
1371 3265 1454 3331 alius

174 3396 287 3446 sensus
328 3381 450 3461 subest,
491 3380 531 3445 de
571 3399 634 3462 quo
676 3380 770 3446 nobis
806 3380 1029 3446 disserendum
1063 3385 1122 3444 est
1186 3377 1250 3444 Sed
1288 3373 1469 3440 uideamus

173 3486 371 3553 testimonia.

285 3593 400 3660 Aesch.
436 3594 524 3677 sept.
561 3597 625 3660 439
663 3597 756 3679 (422)
792 3595 877 3660 trim.
920 3598 992 3661 τῶν
1024 3613 1077 3659 τοι
1112 3593 1270 3676 ματαίων
1310 3587 1454 3673 osopum

175 3700 454 3785 φρονημάτωνὴ
485 3700 617 3783 γλῶσσ’
654 3700 792 3786 ἀληθὴς
813 3704 958 3784 γίγνεται
980 3702 1219 3785 κατήγορος
1255 3698 1388 3781 „lingua
1417 3694 1457 3760 fit

281 3861 303 3931 ¹)
321 3861 384 3916 Non
403 3861 432 3917 in
445 3864 567 3916 nostram
578 3860 767 3932 quaestionem
778 3861 880 3915 cudunt
890 3878 951 3917 curu
961 3856 1145 3928 ἐπιστολάδην
1160 3856 1299 3931 [Hesiod]
1313 3857 1383 3910 scut.
1395 3857 1458 3918 287.

175 3950 250 4021 quod
280 3951 392 4006 ductum
424 3954 467 4006 eat
497 3952 531 4006 de
561 3967 629 4005 roca
663 3943 757 4016 στολή,
788 3951 945 4006 vestimenti
977 3966 1086 4020 genere,
1119 3954 1177 4003 tum
1196 3943 1357 4004 ἐπιστολεύς
1387 3944 1455 3999 Xan.

173 4036 244 4093 Hali
268 4039 377 4094 1.1.23
397 4054 481 4108 saep,
499 4036 573 4091 Plut.
592 4035 656 4105 Lys.
675 4039 701 4099 7,
719 4034 824 4090 Pollux.
843 4036 866 4090 Ι.
886 4039 928 4100 96,
949 4037 996 4107 qui
1015 4034 1136 4090 secundo
1154 4034 1216 4089 loco
1236 4033 1352 4090 classem
1371 4033 1456 4089 Laco·

174 4125 376 4182 daemoniorum
390 4127 479 4182 iussit.
519 4121 614 4184 στόλος
628 4130 758 4194 „agmen“
769 4127 916 4196 praecipue
930 4126 963 4181 de
978 4125 1059 4184 classi
1069 4127 1219 4194 usurpatur
1239 4124 1275 4178 ei.
1286 4123 1387 4187 Herod.
1398 4125 1420 4179 I.
1430 4127 1456 4194 l,

174 4214 208 4270 V.
227 4218 272 4284 43,
289 4216 358 4272 Χοσ.
379 4216 441 4290 (lyr.
461 4221 486 4275 3.
504 4219 582 4280 tlt,
602 4216 679 4270 cuins
698 4215 753 4269 dux
772 4215 821 4268 inl
838 4219 887 4269 τοῦ
905 4215 1005 4270 στόλου
1023 4218 1073 4280 est,
1093 4213 1170 4269 velut
1184 4213 1289 4269 Graece
1308 4212 1365 4267 dici
1384 4213 1456 4275 solat

175 4305 203 4355 οἱ
220 4302 269 4356 ἐπὶ
287 4308 342 4358 τῶν
358 4302 535 4380 πραγμάτων,
560 4304 576 4358 ὁ
599 4306 646 4359 ἐπὶ
666 4306 713 4358 τοῦ
731 4299 894 4377 ὀρύγματος,
920 4303 1002 4358 tini
1021 4307 1075 4357 τῶν
1093 4301 1195 4370 ὅπλων,
1214 4303 1287 4359 unde
1315 4302 1457 4382 hypostasi

176 4391 296 4460 quadam
313 4391 473 4454 ἐπιστολεύς
490 4395 595 4450 facturn
614 4397 665 4457 est,
684 4392 760 4446 velut
779 4389 949 4464 iurypacpodr
967 4409 1022 4448 non
1040 4393 1066 4448 is
1085 4395 1136 4459 est,
1156 4393 1204 4464 qni
1221 4389 1383 4465 ἐπιγράφει,
1410 4390 1458 4447 sad

176 4479 225 4549 qui
254 4482 298 4535 ini
325 4486 374 4536 τοῦ
395 4482 521 4558 γράφειν,
550 4479 661 4537 ὁπόσον
677 4478 838 4552 ὀφείλουσιν
856 4485 995 4555 εἰσφέρειν
1016 4483 1175 4554 (Harpocr.)
1193 4486 1236 4537 eat
1255 4485 1283 4537 st
1301 4477 1458 4555 σιμφορεύτ

175 4569 245 4644 Xan.
260 4569 332 4626 Hell.
352 4576 412 4634 6.4.
428 4575 459 4630 14
479 4570 511 4642 „d
532 4570 585 4627 cdo
604 4574 640 4644 τῇ
657 4557 749 4641 φορᾷιι
770 4571 796 4626 id
811 4574 853 4626 est
866 4588 965 4636 comes,
983 4589 1046 4628 nam
1060 4569 1136 4645 φορά
1149 4573 1207 4629 iare
1219 4573 1292 4627 idam
1311 4587 1343 4626 oc
1355 4565 1456 4629 στόλος.
