3232 5176
701 283 914 348 -32-

170 462 306 528 ridetur.
341 459 454 543 Neque
478 459 650 526 verisimile
673 465 733 543 est,
755 479 851 528 uoces
874 461 1079 527 Doriensium
1102 463 1135 528 in
1158 480 1220 528 usu
1242 461 1353 545 fuisse,
1379 464 1441 531 etsi

170 569 203 633 in
237 568 361 634 duobus
394 567 458 634 illis
486 567 624 634 Doricae
658 567 787 650 linguae
813 569 1008 635 testimoniis
1037 570 1181 652 ἱστορέω
1207 570 1322 638 Ionum
1351 591 1440 638 more

169 680 356 757 usurpatur.

276 783 431 863 Reliquae
446 779 655 848 formationes
672 781 788 866 ἵστωρ,
812 782 989 865 ἱστορικός,
1007 782 1166 865 ἱστόριον,
1182 784 1326 867 ἱστορέω
1342 784 1441 871 (com-

169 887 283 974 probo)
321 893 429 954 certae
457 889 591 970 originis
620 890 773 956 indicium
800 908 879 973 prae
907 909 942 957 se
971 909 1035 957 non
1070 890 1188 958 ierunt.
1235 892 1439 959 Solummodo

169 997 312 1079 ἱστορέω
337 995 485 1082 (quaero)
510 1001 543 1063 et
566 998 696 1079 ἱστορία
724 998 804 1063 satis
832 998 1043 1082 peculiariter
1069 1000 1285 1082 „quaerendi“
1311 1018 1437 1066 sensum

168 1105 321 1186 retinent,
353 1121 454 1186 qnare
482 1105 633 1170 commoti
655 1104 733 1171 solis
757 1104 898 1186 Ionibus,
928 1125 1063 1190 qnorum
1088 1124 1159 1171 cum
1182 1125 1252 1188 usu,
1282 1113 1440 1188 utsupra

167 1211 314 1292 vidimus,
351 1211 494 1293 tragIcus
523 1229 628 1277 sermo
658 1230 753 1295 quam
783 1214 1024 1281 accuratissime
1052 1213 1221 1295 consentit,
1256 1214 1314 1278 illa
1341 1215 1440 1281 verba

168 1318 334 1386 vindicare
357 1338 421 1386 non
445 1319 637 1386 dubitamus.

344 1602 627 1685 ΘΕΟΒΛΑΒΗΣ,
653 1601 930 1685 ΘΕΟΒΛΑΒΕΩ,
957 1603 1259 1675 ΘΕΟΒΛΑΒΕΙΑ.

273 1766 361 1833 Pers.
380 1770 442 1834 831
460 1766 553 1854 (822)
569 1768 656 1835 trim.

380 1873 468 1958 πρὸς
491 1875 591 1940 ταῦτ’
617 1873 747 1939 ἐκεῖνον
771 1876 966 1956 σωφρονεῖν
988 1875 1187 1957 κεχρημένοι

244 2058 249 2067 ¹
380 1982 552 2047 πινύσκετ’
577 1980 744 2063 εὐλόγοισι
765 1977 1020 2062 νουθετήμασιν

379 2086 477 2171 λῆξαι
500 2085 808 2173 θεοβλαβοῦνθ’
830 2086 1042 2172 ὑπερκόμπῳ
1065 2087 1199 2171 θράσει.

273 2195 371 2262 schol.
396 2195 540 2262 ἐκεῖνον·
564 2195 626 2262 τὸν
641 2193 780 2278 Ξέρξην,
805 2197 931 2279 dequo
956 2196 1074 2262 Darius
1098 2198 1157 2262 hoc
1181 2198 1267 2262 dicit.
1304 2198 1440 2264 Diodori

168 2304 201 2368 in
224 2304 285 2369 lex.
302 2304 449 2387 Aeschyl.
474 2300 677 2387 θεοβλαβέω
702 2304 800 2369 vertit
821 2303 875 2381 „in
901 2303 977 2369 deos
1000 2308 1130 2387 pecco“‚
1155 2304 1249 2370 simil.
1269 2304 1436 2389 Siitterlin,

170 2411 222 2476 die
237 2410 337 2476 verba
353 2411 477 2476 denom.
495 2412 538 2476 im
554 2409 690 2492 Altgr.I
712 2431 742 2492 p.
761 2412 813 2475 74.
852 2411 968 2477 Varias
991 2413 1091 2477 totius
1115 2412 1176 2476 loci
1201 2413 1437 2478 emendationes

168 2517 304 2600 praebet
326 2517 494 2583 Wecklein
529 2519 562 2582 in
598 2518 673 2584 edit.
691 2516 732 2584 Π.
757 2536 787 2598 p.
806 2519 858 2583 37.
917 2519 983 2585 Nos
1019 2537 1089 2584 cum
1125 2519 1162 2586 G.
1186 2521 1372 2586 Hermanno
1406 2521 1437 2585 in

168 2626 244 2691 edit.
262 2623 302 2690 IL
320 2644 351 2706 p.
365 2628 428 2690 245
445 2625 652 2691 Laurentiani
673 2625 791 2690 codicis
815 2625 1008 2707 scripturam
1032 2627 1203 2708 sequimur,
1229 2647 1326 2710 qnam
1341 2629 1439 2694 uertIt

165 2733 221 2797 ille
244 2733 294 2798 vir
319 2733 537 2798 doctissimus:
579 2733 674 2808 „Vos
710 2732 825 2814 inquit,
861 2752 996 2814 quornm
1026 2733 1165 2799 interest
1192 2734 1283 2799 illum
1311 2754 1436 2818 sapere,

166 2846 294 2906 monete
311 2842 413 2906 enm“.
453 2839 515 2906 Sed
532 2840 608 2922 quid
626 2839 757 2905 ultimus
774 2857 885 2905 versus
902 2841 1001 2906 dicit?
1032 2838 1239 2924 θεοβλαβεῖν
1254 2844 1438 2925 oppositum

166 2953 216 3012 est
239 2948 336 3014 verbo
361 2951 563 3030 σωφρονεῖν.
604 2946 664 3026 Qui
687 2966 750 3013 non
774 2947 874 3013 habet
896 2948 1134 3031 σωφροσύνην,
1158 2946 1355 3032 θεοβλαβής
1379 2955 1437 3031 est,

165 3074 227 3137 quo
251 3055 349 3121 verbo
373 3074 437 3120 non
452 3058 627 3135 peccatum,
653 3055 711 3120 sed
730 3073 835 3136 poena
857 3055 1027 3138 indicatur,
1052 3074 1151 3140 quare
1167 3058 1358 3123 vertendum
1375 3063 1436 3124 est:

169 3163 318 3242 „Mouete
342 3181 423 3242 eum,
453 3168 489 3227 ut
513 3162 689 3227 insanire
720 3162 888 3229 desistat“.
936 3164 1036 3242 Quam
1064 3182 1200 3244 poenam
1225 3161 1311 3246 ἄτην
1334 3166 1439 3230 solent

165 3288 281 3336 vocare
294 3270 421 3353 Graeci,
438 3275 474 3334 ut
487 3270 605 3335 Darius
621 3269 717 3350 paulo
734 3275 810 3334 ante
825 3270 906 3336 dixit
919 3290 948 3337 r.
964 3273 1044 3336 821:
1069 3267 1165 3353 ύβρις
1179 3269 1242 3352 γάρ
1259 3268 1437 3351 έξανθούσ

165 3376 343 3459 έκάρπωσε
357 3377 482 3460 στάχνν
499 3374 592 3460 ἄτης.
622 3378 746 3442 Xerxes
758 3378 859 3461 igitur
871 3377 969 3443 habet
982 3374 1067 3458 ἄτην
1080 3381 1112 3441 et
1124 3378 1255 3442 deorum
1272 3378 1438 3444 voluntate

164 3483 375 3566 ὑπερκόμπῳ
399 3482 523 3566 θράσει
545 3485 578 3549 in
603 3485 818 3550 calamitatem
849 3484 1051 3567 propellitur.
1098 3484 1161 3548 Per
1183 3503 1218 3550 se
1241 3481 1438 3568 θεοβλαβής

164 3596 370 3674 potestesse,
396 3593 473 3674 „qui
490 3594 584 3658 deum
599 3589 753 3674 βλάπτει,
776 3593 809 3657 In
834 3592 927 3657 deum
944 3597 1088 3673 peccam.
1129 3591 1196 3656 Hoc
1212 3591 1283 3657 loco
1299 3611 1362 3656 non
1381 3598 1438 3658 est.

270 3699 407 3781 Reliqua
440 3699 536 3765 huius
570 3700 658 3766 vocIs
687 3699 874 3765 testimonia
902 3699 981 3764 haec
1005 3704 1093 3764 sunt:
1128 3699 1249 3764 Herod.
1273 3698 1300 3764 Ι.
1320 3702 1382 3763 127
1395 3727 1438 3753 =

166 3805 250 3872 VIII.
271 3807 332 3871 137
349 3803 547 3889 θεοβλαβὴς
563 3805 745 3888 γενόμενος
760 3803 1053 3890 (edo)=insanns.
1079 3806 1226 3872 Aeschin.
1244 3807 1276 3870 in
1294 3805 1436 3889 ctesiph.

167 3916 244 3980 133:
270 3911 358 3979 ἀλλὰ
374 3913 437 3996 τήν
452 3933 488 3994 γε
502 3910 732 3996 θεοβλάβειαν
746 3912 803 3977 καί
820 3911 882 3994 τὴν
899 3911 1100 3996 ἀφροσύνην
1117 3910 1179 3976 ούκ
1195 3909 1435 3993 ἀνθρωπίνως,

165 4017 253 4085 ἀλλὰ
276 4018 462 4102 ἀαιμονίως
483 4019 699 4102 κτησάμενοι.

272 4129 351 4193 Tum
386 4128 498 4194 eodem
526 4145 623 4194 sensn
651 4127 737 4208 apud
760 4127 972 4192 recentiores:
1010 4127 1103 4191 DIon.
1128 4125 1201 4190 Hal.
1225 4124 1261 4192 Α.
1287 4126 1323 4192 R.
1349 4127 1374 4193 Ι.
1396 4127 1437 4189 24

165 4232 290 4316 οἴστρῳ
314 4234 371 4298 καί
393 4231 601 4317 θεοβλαβείᾳ
618 4231 906 4315 ἀπελαυνόμενος.
943 4233 1032 4298 (lass.
1049 4231 1109 4298 Dio
1127 4234 1178 4298 44.
1198 4233 1216 4296 8
1241 4230 1437 4314 καθήμενος

166 4343 257 4423 σφᾶς
273 4340 331 4405 εἴτ’
345 4338 407 4406 ούν
422 4339 630 4426 θεοβλαβείᾳ
646 4343 711 4408 τινί
727 4340 794 4407 εἴτε
809 4341 866 4406 καί
880 4340 1086 4423 περιχαρείρ.
1111 4339 1262 4405 Themist.
1278 4343 1309 4406 4.
1325 4341 1366 4405 56
1382 4338 1437 4404 καί

164 4444 316 4513 ἀπειλεῖν
327 4446 589 4533 θεοβλαβούντα
605 4447 745 4533 λάφυρά
760 4467 798 4514 τε
813 4450 870 4514 καί
882 4445 1159 4530 ἀνδραποδισμὸν
1171 4447 1227 4511 κοί
1240 4443 1433 4512 ἀνάστασιν.

162 4552 358 4641 θεοβλαβής
386 4556 487 4640 igitur
513 4557 633 4640 ubique
656 4559 684 4624 is
709 4561 769 4638 est,
800 4555 890 4622 cuins
918 4560 1058 4622 mentem
1087 4555 1165 4620 deus
1188 4552 1434 4636 perturbaverit
