3232 5176
693 244 913 306 -74-

163 421 259 500 mina,
285 419 411 487 vocavit
426 420 514 486 VIII.
533 423 585 501 76,
610 422 664 486 91.
711 421 819 486 Etiam
844 426 974 503 nautae,
999 422 1054 504 qui
1074 421 1225 486 Arionem
1248 424 1340 484 trans
1358 438 1448 484 mara

163 528 393 610 transvehunt,
431 534 587 594 vocantur
621 528 794 611 πορθμεῑς
830 530 853 596 Ι.
880 532 922 594 24
959 536 992 594 et
1028 531 1134 613 naviS,
1174 547 1257 610 quac
1293 528 1449 594 victualia

163 642 377 720 transportat,
414 656 476 703 non
502 637 604 702 solum
630 634 744 717 ὁλκάς,
781 637 961 704 sedetiam
983 635 1179 720 πορθμεῖον
1219 643 1269 702 est
1292 636 1363 702 VII.
1390 638 1448 716 25;

163 745 303 828 demque
327 746 413 811 inter
431 745 645 827 Aegyptiacas
669 744 776 825 urbes,
801 746 954 828 quamdiu
970 745 1065 810 Nilus
1089 745 1171 827 ripis
1196 745 1375 828 egreditur,
1400 745 1451 810 in·

163 853 254 919 colae
277 850 539 935 πορθμεύονται
561 850 602 917 Il.
628 852 680 920 97.

271 960 307 1025 In
332 961 404 1043 ipsa
429 960 565 1027 Graecia
589 967 706 1043 poetae
742 978 851 1026 vocem
887 958 1050 1038 exhibent,
1087 978 1223 1042 qnorum
1259 959 1449 1025 testimonia

162 1068 243 1134 hacc
260 1072 344 1133 sunt.
381 1067 557 1151 Aeschylus
574 1068 821 1150 Hellespontum
844 1068 891 1134 sic
915 1068 1061 1152 appellat
1088 1068 1177 1134 Pers.
1197 1069 1238 1132 69
1257 1066 1327 1152 (70)
1345 1067 1449 1150 chon,

165 1179 229 1240 722
266 1175 361 1260 (713)
397 1175 510 1256 troeh,
549 1179 611 1240 799
648 1175 742 1263 (790)
777 1172 905 1259 Ἕλλης
939 1173 1119 1258 πορθμόν;
1156 1174 1308 1240 similiter
1342 1176 1448 1241 sinum

164 1284 351 1350 Saronicum
389 1282 446 1365 Ag.
485 1284 549 1347 307
586 1281 680 1366 (294)
716 1284 800 1349 trim.
839 1282 1042 1366 Σαρωνικοῦ
1077 1281 1241 1364 πορθμοῦ
1275 1281 1450 1348 κάτοπτον

163 1392 296 1473 πρῶνα.
342 1390 415 1456 Una
440 1408 511 1455 cnm
534 1391 674 1456 Pindaro
700 1393 786 1474 (vide
810 1391 908 1474 inira)
934 1392 966 1456 in
992 1391 1230 1456 transvectione
1253 1390 1450 1457 Acherontis

165 1496 308 1580 cymbam
333 1497 489 1562 Charonis
514 1498 640 1564 induxit
664 1499 722 1581 Ag.
751 1501 835 1565 1558
860 1499 977 1584 (1517)
1002 1517 1098 1581 anap.
1130 1497 1315 1581 ὠκύπορον
1338 1496 1449 1581 πόρθ-

163 1611 267 1690 μευμ’
292 1605 413 1689 ἀχέων.
445 1606 488 1672 Et
512 1608 626 1672 audaci
650 1608 841 1690 metaphora
879 1607 960 1672 dixit
984 1605 1126 1688 Choepb.
1152 1607 1216 1670 685
1241 1604 1336 1693 (666)
1360 1607 1448 1671 trim·

165 1710 316 1798 ἐφετμὰς
340 1711 443 1779 ariade
458 1713 683 1797 πόρθμευσον
699 1712 803 1780 πόλιν
831 1715 929 1790 ,haec
944 1714 1098 1780 mandata
1114 1719 1277 1796 reporta“.
1326 1713 1450 1793 Quibus

164 1822 319 1904 exemplis
335 1822 540 1906 perspicitur,
566 1842 638 1910 eum
662 1841 771 1889 vocem
795 1823 897 1888 libere
913 1840 1071 1904 usurpare
1096 1827 1130 1886 et
1153 1839 1250 1888 sensu
1274 1821 1450 1903 originarIs

164 1933 196 1996 et
220 1931 349 2013 poetica
386 1949 456 1996 cum
487 1931 673 1998 tralatione.
720 1931 826 2014 Prope
861 1932 901 1996 ad
938 1949 1009 1995 eum
1039 1931 1164 1996 accedIt
1186 1929 1357 2009 Pindarus
1395 1930 1451 2012 qui

165 2038 246 2105 dixit
281 2037 342 2121 frg.
370 2041 432 2104 120
457 2040 552 2124 (107)
576 2037 754 2124 βαρυβόαν
789 2036 982 2121 πορθμὸν
1020 2036 1230 2120 πεφευγότες
1256 2034 1451 2121 Ἀχέροντος

165 2153 198 2214 et
221 2147 333 2214 Isthm.
360 2148 415 2214 IV.
442 2151 483 2212 57
512 2147 670 2214 Hercules
705 2144 909 2213 ναυτιλίαισί
942 2163 979 2210 τε
1014 2143 1208 2228 πορθμὸν
1243 2143 1449 2228 ἁμερώσαις.

164 2254 317 2339 Sequitur
340 2255 517 2338 Sophocles
536 2256 609 2323 llnt.
638 2258 722 2319 1145
753 2255 838 2320 chor.
864 2252 1070 2337 προφάνηθι
1088 2306 1092 2321 .
1112 2303 1119 2319 .
1136 2250 1339 2336 Παρνησίαν
1363 2251 1449 2335 ὑπὲρ

163 2361 281 2428 κλιτὺν
304 2362 326 2447 ἦ
351 2362 536 2429 στονόεντα
559 2361 765 2445 πορθμόν.
813 2362 990 2429 Contextus
1014 2381 1072 2428 nos
1105 2362 1200 2427 docet
1232 2362 1353 2427 dictum
1378 2379 1450 2426 esse

164 2470 331 2553 Euripum,
364 2468 716 2554 ε1.εσίιοί.πορθμόν
745 2468 783 2536 δὲ
807 2468 889 2535 ἔνιοι
912 2467 975 2534 τὸν
1004 2468 1064 2535 ἀπ’
1090 2467 1241 2553 Εὐβοίας
1271 2470 1319 2550 είς
1342 2467 1450 2535 Βοιω-

164 2579 250 2659 τίαν,
287 2579 319 2644 οί
354 2575 392 2643 δὲ
422 2577 485 2661 τὴν
509 2576 687 2660 Σικελικὴν
721 2575 913 2644 θάλασσαν.
956 2577 1070 2645 Trach.
1097 2581 1156 2641 571
1186 2578 1271 2642 trim.
1308 2575 1448 2642 τοσόνδ’

165 2684 280 2769 ὀνήσει
303 2689 373 2750 τῶν
397 2685 491 2768 ἐμῶν
514 2683 729 2767 πορθμῶν.
776 2685 846 2752 Ηοο
868 2686 939 2752 loco
959 2684 1122 2769 πορθμός
1138 2686 1256 2752 dicitur
1280 2705 1343 2751 non
1360 2686 1450 2751 locus

165 2793 405 2874 transvehendi,
442 2794 500 2860 sed
530 2793 635 2876 ipsum
665 2793 885 2876 transvehere,
921 2794 1007 2876 quod
1031 2793 1151 2860 Nessos
1180 2792 1287 2859 iacere
1311 2793 1449 2859 solebat.

165 2900 306 2967 Verbum
336 2906 443 2968 autem
467 2907 659 2983 usurpatum
687 2907 737 2968 est
759 2901 872 2967 Trach.
899 2903 964 2968 802
993 2901 1079 2967 trim.
1105 2899 1340 2984 πόρθμευσον,
1378 2921 1448 2967 curn

166 3008 319 3075 Heraclea
336 3008 465 3092 Hyllam
482 3009 596 3074 iubeat
611 3027 646 3074 se
663 3028 702 3075 ex
717 3006 850 3075 Euboea
866 3009 898 3074 in
913 3009 1132 3076 continentem
1143 3014 1265 3075 terram
1282 3014 1449 3091 transpor-

165 3122 248 3182 tare.
272 3116 385 3199 Neque
402 3117 497 3182 aliter
513 3117 686 3200 Euripides
702 3117 798 3184 huius
823 3117 935 3200 stirpis
953 3118 1099 3184 derivata
1114 3133 1273 3200 persaepe
1290 3117 1448 3182 adhibuit.

164 3224 263 3291 Velut
298 3223 461 3308 πορθμός
497 3226 537 3290 de
572 3226 810 3292 transvehendo
846 3225 923 3290 Ηοο.
953 3226 1037 3289 1106
1061 3223 1134 3289 mel.
1165 3223 1235 3306 Iph.
1262 3223 1333 3288 Aul.
1363 3227 1448 3289 1379

167 3332 280 3414 trocb,
306 3332 390 3416 Cycl.
420 3335 481 3399 108
500 3334 598 3414 trim,
623 3333 695 3400 Hel.
716 3335 778 3398 127
803 3333 902 3414 trim,
921 3335 982 3397 531
1002 3332 1099 3406 trirn,
1126 3331 1242 3398 Trood.
1262 3333 1325 3397 102
1342 3351 1450 3416 anap,

167 3438 347 3524 πορθμεύς
371 3441 410 3506 dc
436 3440 584 3507 charone
601 3441 668 3508 Alc.
695 3443 758 3506 253
776 3441 861 3522 mel,
891 3439 1045 3524 πορθμίς
1069 3441 1108 3506 de
1126 3439 1270 3524 qualibet
1286 3439 1360 3504 navi
1377 3439 1447 3523 Iph.

165 3548 260 3614 Taur.
279 3549 344 3614 355
362 3548 459 3629 trim,
484 3548 616 3631 Hippol.
636 3550 700 3613 753
718 3548 816 3631 chor,
836 3548 921 3633 Cycl.
940 3550 1004 3614 362
1022 3549 1119 3628 chor,
1145 3547 1216 3614 Hel.
1245 3549 1328 3613 1061
1347 3548 1447 3628 trim,

165 3653 377 3738 capripedes»
394 3657 434 3722 de
451 3657 713 3740 transportando,
739 3658 837 3722 etiam
854 3656 973 3723 tralata
989 3656 1060 3738 Iph.
1079 3656 1150 3722 Aul.
1176 3659 1207 3735 6,
1231 3655 1330 3721 Andr.
1352 3657 1449 3736 1229,

47 3750 51 3759 ’
164 3764 280 3830 Troad.
299 3765 363 3828 569
381 3763 413 3828 in
431 3782 540 3847 anap,
558 3765 590 3831 in
608 3764 761 3830 diverbiis
778 3763 849 3846 Iph.
867 3765 961 3828 Taur.
981 3766 1056 3840 266,
1082 3764 1156 3844 371,
1183 3763 1246 3827 735
1265 3762 1317 3846 (=
1338 3762 1448 3829 Aisch.

166 3870 309 3955 Ghoeph.
348 3871 437 3954 685),
481 3872 556 3954 936,
602 3874 699 3954 1358,
745 3873 841 3953 1435,
882 3872 977 3952 1445,
1016 3871 1085 3936 Ion.
1124 3872 1220 3951 1599,
1256 3869 1310 3935 Or.
1352 3872 1448 3951 1031,

166 3979 275 4065 [Rhes.
303 3979 398 4065 429];
436 3978 476 4048 cf.
502 3980 599 4046 etiam
622 3980 701 4046 Ion.
716 3978 777 4061 frg.
805 3981 892 4045 18.3
917 3979 1015 4061 trim,
1047 3981 1109 4063 lrg.
1134 3978 1245 4061 adcsp.
1271 3980 1335 4044 336
1360 3979 1466 4044 trim'

167 4094 200 4154 ot
224 4089 298 4170 520,
325 4093 358 4153 et
382 4086 646 4171 στενόπορθμος
668 4087 744 4153 Eur.
769 4087 839 4170 lpb.
865 4087 937 4153 Aul.
966 4089 1029 4154 167
1056 4087 1143 4153 chor.

272 4196 332 4262 His
355 4196 436 4261 locis
461 4195 608 4262 omnibus
633 4195 830 4279 originarius
854 4195 1085 4287 transvehendi
1108 4213 1221 4262 sensus
1246 4193 1449 4276 subauditur,

167 4322 231 4387 qna
254 4303 286 4368 in
310 4322 346 4369 re
371 4303 514 4387 tragicos
538 4307 652 4385 poetas
688 4323 758 4369 cum
782 4304 949 4371 Herodoto
974 4303 1157 4371 consentire
1195 4320 1258 4367 non
1282 4321 1448 4383 negamus.

167 4411 317 4476 httamen
343 4410 376 4475 id
399 4430 463 4477 non
480 4409 609 4496 sufficit,
634 4416 671 4478 ut
686 4431 794 4480 vocem
819 4413 904 4479 inter
919 4412 1046 4478 Ionicas
1063 4429 1230 4493 ponamus,
1255 4411 1449 4492 praesertim

168 4537 238 4586 cunr
255 4519 450 4586 testimoniis
472 4519 672 4603 gravissimis
689 4521 918 4603 comprobetur
934 4539 1044 4587 vocem
1069 4516 1232 4602 πορθμὸς
1247 4518 1449 4601 maximeque
