3232 5176
637 250 855 315 „40-

112 430 312 496 Herodotum
327 426 517 511 plerumque
532 446 596 494 non
613 428 716 510 Iones,
742 428 797 512 qui
813 427 1036 511 θεοπρόπους
1051 428 1195 511 mittunt,
1216 431 1275 498 sed
1289 429 1388 497 Lace·

114 536 283 616 daemonii,
308 534 451 600 Thebani
467 535 533 601 alii.
567 535 711 617 Scriptor
726 556 841 601 nomen
858 538 1000 603 lonicum
1017 538 1196 619 substituit,
1222 537 1260 604 cf.
1279 538 1333 604 VI.
1346 540 1386 603 57

114 644 200 727 apud
222 642 573 708 Lacedaemonios...
599 645 631 707 οἱ
655 640 692 707 όὲ
715 639 845 708 Πόθιοί
868 645 930 709 είσι
952 642 1148 727 θεοπρόποι
1170 643 1206 726 ἐς
1221 643 1388 729 Δελφούς.

114 751 246 817 Accedit
273 750 388 815 titulus
412 749 558 816 Milesius
586 751 620 815 in
643 751 888 835 Dittenbergeri
917 751 1064 835 sylloga²
1089 771 1136 817 nr.
1157 755 1269 820 6605
1296 759 1329 818 et
1353 756 1388 819 8:

116 857 138 924 ἃ
160 856 215 943 [oa
240 855 297 944 ἂ]ν
321 856 339 921 ό
364 855 448 937 θεός
470 855 630 941 θεσπίση,
656 859 688 923 σί
709 858 772 940 μὲν
795 857 991 942 θεοπρόποι
1015 858 1320 942 είσαγγειλόσωσαν
1344 861 1390 941 είς

115 964 372 1048 ἐκκλησίαν...
396 964 508 1049 κ]αΓι]
531 963 724 1048 θεοπρόποι
747 965 926 1050 ᾑρέθησαν
948 963 1020 1032 καί.
1057 968 1183 1033 Titulus
1203 968 1258 1033 IV.
1270 968 1390 1033 saeculi

115 1075 177 1140 etsi
193 1073 301 1139 Attica
324 1072 462 1138 dialecto
487 1074 686 1155 conscriptus
710 1080 771 1154 est,
795 1079 903 1140 tamen
924 1075 1016 1157 copia
1031 1075 1200 1141 uerborum
1217 1094 1335 1158 magna
1352 1093 1392 1140 cx

114 1187 208 1264 parte
232 1181 273 1247 ad
288 1181 430 1247 Ionicam
455 1183 717 1248 consuetudinem
741 1182 873 1258 recedit,
899 1181 937 1247 cf.
953 1182 1007 1246 l.3
1027 1180 1169 1264 ἅγεροις,
1196 1180 1391 1266 όθεσπίση,

114 1291 261 1371 idemque
296 1290 336 1354 de
370 1306 447 1354 voce
481 1287 682 1371 θεοπρόπος
716 1289 862 1354 nuntium
893 1287 1096 1372 significante
1127 1290 1298 1355 dicendum
1331 1296 1390 1356 est.

114 1395 157 1461 Et
191 1397 276 1479 quod
311 1397 343 1460 in
378 1395 587 1476 inscriptione
622 1396 756 1477 Delphis
790 1403 921 1477 reporta
951 1397 1107 1476 Delphica
1142 1397 1280 1463 dialecto
1318 1416 1391 1464 con·

116 1504 237 1587 scripta
252 1503 307 1568 HL
333 1501 401 1568 fere
425 1503 553 1583 saeculi,
579 1502 722 1568 Ditteub.
740 1501 829 1585 syll.²
855 1523 903 1568 ur.
921 1505 985 1568 484
1009 1502 1111 1586 (c-B.
1130 1505 1226 1570 2645.
1243 1506 1287 1586 2),
1313 1505 1392 1587 legi·

116 1617 169 1677 tur
192 1609 430 1692 Μαιροφόνης
453 1607 687 1691 Μενεκρόσεος
718 1607 958 1693 θεοπρόπος
986 1612 1043 1676 καί
1065 1609 1275 1694 πρεσβευτὰς
1298 1610 1393 1694 παρὰ

116 1722 178 1784 τοῦ
202 1716 312 1800 όημοο
336 1719 397 1782 σοῦ
414 1713 625 1799 Σαρόιανῶν,
649 1719 719 1783 sine
743 1718 840 1783 dubio
863 1719 971 1802 verba,
997 1719 1113 1801 quibus
1139 1738 1254 1784 munus
1273 1720 1393 1784 Metro·

116 1825 232 1909 phanis
271 1824 472 1903 describitur,
512 1823 752 1905 Sardianorum,
793 1844 856 1890 non
891 1826 1089 1908 Delphorum
1128 1828 1392 1892 consuetudinem

116 1934 239 2016 prodit3
275 1932 350 1997 talis
381 1932 466 1996 enim
494 1932 628 1997 nuntius
651 1932 785 2015 Delphis
814 1933 898 1999 solet
925 1934 1033 2000 vocari
1061 1931 1192 2016 θεαρός
1220 1931 1394 2020 (θεωρός),

117 2041 155 2107 cl.
191 2040 286 2105 indic.
317 2038 399 2104 c-B.
430 2039 474 2104 IV
496 2058 527 2120 p.
548 2041 610 2104 198
623 2058 670 2122 sq.
732 2040 878 2121 Denique
913 2042 1024 2106 eodem
1062 2059 1158 2107 sensu
1192 2038 1395 2123 θεοπρόπος

118 2149 215 2213 etiam
250 2147 335 2229 apud
370 2146 567 2212 recentiores
602 2146 731 2229 legitur,
767 2147 855 2212 velut
878 2148 962 2215 Plut.
987 2149 1063 2214 Fab.
1090 2149 1130 2213 18
1165 2148 1222 2213 καί
1256 2147 1319 2230 γὰρ
1350 2149 1395 2228 είς

119 2253 274 2338 Δελφοὺς
308 2251 471 2336 ἐπέμφθη
507 2252 708 2336 θεοπρόπος
735 2251 875 2337 Πίκτωρ
912 2255 1071 2338 συγγενὴς
1100 2251 1239 2338 Φαβίου.
1292 2253 1393 2319 Simil-

120 2365 210 2429 Rom.
228 2364 280 2442 28,
304 2362 378 2428 Nic.
396 2362 446 2442 13,
472 2359 550 2427 Cim.
568 2364 617 2443 18,
642 2381 721 2430 mor.
745 2382 776 2445 p.
795 2365 859 2429 438
876 2364 913 2430 A.
927 2364 975 2447 B,
999 2364 1075 2429 Luc.
1092 2364 1182 2429 Alex.
1200 2365 1253 2428 41.

224 2468 371 2549 Denique
388 2466 585 2549 θιοπροπίω
603 2469 687 2550 apud
704 2469 874 2537 Boeotos
891 2472 924 2535 in
940 2489 1001 2536 usu
1017 2476 1097 2551 erat,
1122 2470 1159 2536 cf.
1175 2470 1255 2536 IGS.
1268 2471 1291 2534 1.
1308 2471 1394 2536 3208

121 2577 219 2660 (G-B.
237 2576 262 2641 Ι.
280 2574 368 2661 494),
404 2575 459 2640 IV.
477 2575 604 2641 saeculo
630 2581 780 2642 exeunte:
815 2578 852 2642 In
883 2579 1012 2661 tripode
1036 2578 1213 2644 dedicando
1237 2578 1270 2641 hi
1296 2578 1396 2661 magi-

120 2690 242 2751 stratus
266 2688 511 2751 enumerantur:
548 2680 712 2765 ἄρχοντος
730 2736 762 2750 ..
788 2683 1107 2768 ἀφεόριαιεοόνσων
1125 2739 1157 2753 ..
1182 2685 1394 2768 γραμματικό-

123 2811 223 2872 ονοος
240 2841 247 2856 .
264 2842 269 2854 .
287 2790 529 2872 μαντευόμενοι
547 2838 576 2855 ..
592 2788 862 2873 θιοπροπίονσος
879 2847 885 2860 .
900 2847 907 2860 .
924 2792 1212 2875 [ίαρ]αοεόονιος.
1237 2793 1273 2858 In
1286 2793 1395 2876 lapide

121 2896 215 2978 01Π;
240 2898 380 2978 Boechh,
398 2897 477 2963 010.
495 2898 520 2976 I,
537 2918 568 2979 p.
584 2901 647 2962 770
665 2898 898 2981 interpretatus
915 2905 979 2965 est:
1004 2900 1164 2981 interpres
1182 2900 1394 2966 oraculorum.

119 3006 208 3072 Idem
235 3006 368 3072 verbum
397 3009 486 3070 extat
512 3004 590 3072 IGS.
614 3005 790 3074 110735
816 3007 919 3091 (G-B.
944 3009 1018 3072 864.
1037 3007 1070 3089 ό)
1095 3004 1397 3091 θ[ιοπ]ροπίονσος

121 3112 246 3180 Δινίαο.
292 3113 351 3178 Vis
385 3111 531 3178 vocabuli
566 3113 618 3178 vix
652 3114 799 3195 praecise
834 3114 962 3180 definiri
992 3119 1117 3196 potest;
1152 3115 1284 3180 nuntius
1309 3120 1396 3180 certe

121 3219 281 3304 significat
297 3220 502 3286 sacerdotum
518 3221 677 3302 quoddam
695 3240 806 3305 genus,
824 3221 963 3289 fortasse
979 3228 1016 3286 ut
1031 3221 1133 3287 voluit
1149 3222 1279 3287 Boeckh
1296 3222 1396 3288 inter·

120 3334 245 3411 pretam
269 3328 480 3408 oraculorum,
505 3327 635 3393 minime
658 3348 734 3395 vero
757 3331 905 3396 nuntium
928 3330 1036 3396 lonico
1060 3347 1159 3395 more.

224 3437 281 3518 Ea,
307 3455 389 3519 quae
412 3435 569 3502 aThoma
584 3437 669 3518 Mag.
694 3456 724 3518 p.
746 3440 818 3503 180.
838 3439 856 3502 8
880 3437 916 3502 R.
943 3437 982 3502 de
1006 3454 1084 3503 voce
1103 3434 1306 3518 θεοπρόπος
1322 3455 1394 3502 con·

122 3550 214 3628 gesta
238 3549 321 3624 sunt,
347 3543 428 3608 nihil
452 3543 527 3609 novi
551 3544 678 3610 docent.

224 3653 292 3718 Iam
316 3652 459 3717 videmus
484 3651 673 3734 Sophoclem
696 3651 829 3718 Homeri
851 3670 972 3717 morem
997 3652 1096 3733 sequi,
1122 3669 1142 3716 a
1166 3670 1229 3733 quo
1245 3651 1395 3736 Aeschyli

121 3779 198 3827 usus
233 3760 329 3843 plane
363 3758 525 3825 abhorret.
572 3759 604 3824 Is
629 3778 699 3824 cum
727 3760 906 3825 recentiore
935 3759 1011 3824 Iade
1046 3759 1287 3824 accuratissime
1322 3778 1395 3825 con·

124 3867 232 3935 sentit.
282 3866 453 3945 Quaeritur
476 3865 584 3948 igitur,
621 3871 729 3932 utrum
752 3867 804 3932 hic
827 3886 904 3933 usus
927 3885 1016 3932 mere
1039 3865 1166 3932 Ionicus
1190 3864 1289 3931 luerit
1312 3885 1352 3931 an
1377 3886 1394 3932 e

125 3975 283 4042 communi
306 3980 343 4039 ut
365 3975 412 4039 ita
435 3974 538 4039 dicam
563 3979 596 4038 et
611 3974 697 4039 Iadis
717 3979 750 4040 et
765 3974 907 4041 Atthidis
923 3974 1011 4040 fonte
1027 3975 1232 4056 repetendus,
1259 3975 1394 4058 ideoque

123 4085 250 4168 priscae
274 4082 400 4148 Atthidi
429 4080 638 4148 vindicandus
667 4083 719 4147 sit.
767 4083 855 4161 Quae
884 4082 1030 4165 quaestio
1058 4087 1095 4146 ut
1118 4083 1298 4164 dirimatur,
1330 4102 1393 4148 non

122 4193 215 4276 parvi
238 4191 390 4256 momenti
414 4195 463 4256 est
487 4194 520 4254 et
542 4209 657 4255 nomen
680 4210 790 4273 propr.
817 4188 1016 4274 Θεόπροπος
1041 4195 1074 4255 et
1096 4190 1319 4272 veriloquium.

225 4299 263 4365 N.
280 4318 327 4380 pr.
347 4295 547 4380 Θεόπροπος
570 4298 732 4380 reperitur

178 4406 203 4470 I.
228 4405 373 4486 Athenis,
397 4405 470 4471 vide
493 4405 662 4487 Kirchner,
685 4425 814 4488 prosop.
840 4406 949 4472 Attica
972 4425 1020 4474 nr.
1039 4407 1222 4472 7043-45.

286 4516 313 4579 l.
336 4511 537 4577 01A.1.457
564 4510 599 4578 Θ.
615 4510 830 4600 [Αθανσίόος
852 4512 905 4580 lin.
923 4514 961 4579 V.
980 4532 1062 4579 saec.
