3232 5176
687 303 907 369 -.18-

71 510 77 527 ²
162 484 225 551 nisi
248 482 383 567 μεταξύ.
430 482 550 549 Eodem
580 501 676 548 sensu
699 487 789 548 extat
815 485 901 566 apud
924 484 1059 550 Aristot.
1085 485 1115 548 d.
1139 489 1237 565 partt.
1263 484 1360 550 anim.
1387 486 1437 561 14,

163 614 195 675 p.
209 594 272 657 676
286 612 305 657 a
322 594 341 657 2
365 590 443 655 τότε
466 588 528 672 γάρ
552 587 618 673 ἥδη
641 592 839 673 μεταίχμιον
857 592 982 671 γίνεται
996 594 1068 656 τῶν
1083 591 1202 656 τόπων
1218 590 1435 674 ἀμφοτέρων,

165 706 202 765 ut
222 700 317 781 paulo
335 702 410 763 ante
421 695 546 780 μεταξύ
563 698 697 777 dixerat,
715 703 747 763 et
762 699 960 780 posteriores
976 699 1063 764 velut
1077 699 1153 765 Luc.
1168 718 1267 764 amor.
1282 701 1335 781 40,
1352 698 1437 764 Plut.

165 807 256 872 Brut.
274 809 326 883 48,
351 806 449 871 schol.
469 804 581 870 Aesoh.
600 804 687 886 Sept.
707 806 769 869 763
787 805 926 890 (746)¹).

270 915 333 978 Res
350 913 449 994 igitur
467 913 578 977 eadem
594 919 644 978 est
660 917 757 994 atquo
773 913 806 977 in
818 913 948 980 vocibus
961 911 1159 997 ἀμφιδέξιος
1174 919 1207 980 et
1224 908 1438 996 ἀμφιλαφής.

164 1019 259 1101 Apud
284 1021 378 1085 lones
402 1039 463 1085 von
486 1020 617 1101 proprie
642 1024 675 1084 et
697 1020 817 1085 tralato
840 1026 1026 1103 usurpatur,
1049 1021 1135 1102 apud
1159 1020 1284 1086 Atticos
1310 1021 1437 1086 omnino

164 1147 228 1193 non
252 1132 329 1192 nota
354 1133 412 1208 est,
437 1128 608 1210 tragoedia
630 1146 723 1192 nsum
745 1128 891 1210 sequitur
906 1128 1028 1193 Ionum.
1065 1129 1166 1207 Quem
1182 1145 1373 1194 eonsensum
1389 1128 1440 1193 vix

166 1235 335 1316 quisquam
360 1235 533 1300 contendat
555 1233 722 1299 fortuitum
744 1253 825 1300 esse.
863 1235 968 1313 Quare
983 1255 1044 1301 von
1059 1241 1193 1318 propter
1210 1253 1324 1301 causas
1340 1253 1439 1317 supra

166 1343 323 1408 indicates
348 1342 392 1425 (p.
409 1341 521 1426 46sq.)
545 1342 674 1409 Ionibus
697 1343 870 1409 tribuenda
893 1343 1019 1409 videtur
1044 1362 1124 1410 esse.

652 1535 954 1602 ΠΑΛΙΓΚΟΤΟΣ.

270 1661 380 1744 Suppl.
399 1664 463 1727 376
480 1662 571 1747 (361)
588 1664 673 1730 trim.
699 1660 780 1744 ἀγος
801 1663 865 1747 μὲν
888 1663 940 1746 εἴη
965 1668 1039 1744 τοῖς
1054 1663 1150 1746 ἐμοῖς
1165 1663 1438 1747 παλιγκότοις.

167 1770 246 1835 ibid.
269 1771 548 1855 571(549)trim.
578 1772 612 1836 τί
639 1770 720 1851 τοὺς
750 1769 996 1851 ἀναλωθέντας
1025 1770 1061 1836 ἐν
1084 1772 1196 1853 φηφῳ
1219 1769 1327 1853 λέγειν
1353 1769 1356 1859 )
1382 1769 1439 1836 τὸν

168 1875 279 1958 ζῶντα
314 1876 346 1943 δ’
379 1876 493 1959 ἀλγεῖν
517 1878 583 1962 χρὴ
612 1880 715 1962 τύχης
742 1876 1005 1961 παλιγκότου.
1052 1880 1111 1961 Ag.
1140 1881 1203 1944 863
1233 1877 1327 1966 (827)
1355 1879 1438 1944 trim.

135 2016 138 2022 ·
166 1991 383 2066 γυναῖκα...
408 1983 541 2067 πολλὰς
563 1985 735 2052 κλύουσαν
758 1985 929 2069 κληδόνας
952 1984 1244 2068 παλιγκότους.
1281 1986 1358 2052 ibid.
1379 1988 1439 2051 874

167 2092 260 2177 (838)
276 2095 361 2159 trim.
391 2093 524 2159 τοιῶνδ’
550 2092 642 2159 ἕκατι
664 2092 844 2177 κληδόνων
860 2092 1127 2176 παλιγκότων.
1167 2095 1277 2176 Eurip.
1298 2093 1359 2176 hg.
1379 2095 1438 2156 572

167 2202 251 2265 trim.
278 2199 314 2265 ἕν
331 2201 556 2266 tetradoron
572 2206 712 2285 πρῶτον
728 2200 971 2282 είδέναιτουτί,
990 2199 993 2290 )
1013 2203 1128 2284 φέρειν
1143 2199 1186 2266 τὰ
1203 2201 1439 2282 συμπίπτοντα

166 2306 214 2389 μη
238 2304 505 2390 παλιγκότως.
541 2311 589 2374 Ex
609 2310 659 2374 his
675 2311 868 2376 testimoniis
885 2311 976 2392 quasi
994 2311 1099 2375 elucet
1114 2327 1224 2376 vocem
1239 2306 1441 2389 παλίγκοτος

166 2417 200 2480 in
223 2415 390 2497 tragoedia
414 2416 603 2498 simpliciter
629 2417 949 2498 „adversarium“
975 2416 1166 2498 significare.

272 2523 453 2588 Atticorum
489 2525 629 2589 sermoni
662 2523 815 2589 familiari
850 2546 910 2592 vox
934 2526 1044 2606 ignota
1068 2525 1167 2589 fuisse
1191 2524 1333 2602 videtum
1370 2542 1440 2589 narn

168 2629 333 2711 Aristoph.
346 2631 419 2695 Pac.
434 2632 497 2694 390
521 2631 568 2713 μὴ
585 2632 663 2714 γένη
679 2629 930 2713 παλίγκοτος
947 2630 1182 2715 ἀντιβολοῦσιν
1197 2631 1280 2714 ἡμῖν
1296 2631 1329 2695 in
1347 2631 1440 2696 choro

168 2737 247 2802 dicit
276 2743 309 2801 et
333 2737 495 2819 Antiphon
520 2738 666 2819 sophista
688 2738 748 2820 frg.
769 2741 829 2804 131
856 2740 972 2823 (Blass
1002 2759 1033 2821 p.
1055 2741 1125 2804 143.
1145 2740 1178 2819 2)
1205 2739 1288 2820 φέρε
1312 2734 1365 2820 δη,
1396 2734 1440 2818 pri

167 2841 210 2906 τὰ
238 2841 466 2924 παλίγκοτα
489 2842 641 2927 λέγωμεν
669 2848 765 2911 etiarn
794 2848 875 2912 alias
903 2867 998 2914 voces
1026 2848 1066 2913 ab
1090 2847 1272 2911 Atticorum
1297 2860 1442 2911 sermone

169 2951 292 3016 alienas
317 2949 564 3034 (dannationis,
590 2951 757 3036 ἀμαυρός)
782 2955 919 3021 exhibet.

275 3059 324 3123 Ex
346 3061 452 3141 poetis
475 3061 707 3128 vetustioribus
733 3062 830 3127 habet

273 3167 392 3234 Archih
410 3167 470 3250 frg.
489 3169 540 3235 87.
558 3171 577 3233 2

471 3273 556 3357 ὁρᾷς
580 3275 620 3340 ἵν’
647 3274 713 3341 ἔστ’
738 3276 867 3356 ἐκεῖνος
890 3274 1027 3358 δφηλδς
1050 3276 1159 3357 πάγος
1221 3357 1224 3362 .

469 3382 595 3464 τρηχύς
617 3400 654 3447 τε
677 3384 734 3448 καὶ
756 3381 1014 3465 παλίγκοτος.

275 3489 405 3571 Sappho
428 3487 488 3570 irg.
508 3491 549 3553 72
576 3491 687 3572 (etym.
704 3511 808 3573 magn.
828 3495 858 3558 2.
873 3493 929 3574 43)

490 3594 579 3662 ἀλλά
601 3616 653 3678 τις
677 3597 739 3663 οὐκ
761 3597 841 3681 ἔμμι
864 3597 1129 3680 παλιγκότων

489 3700 602 3786 ὄργαν,
629 3703 702 3770 ἀλλ’
728 3704 860 3788 ἀβόκην
883 3705 947 3771 τάν
971 3707 1065 3789 φρέν’
1090 3704 1166 3788 ἔχω.

275 3810 366 3876 Pind.
384 3809 475 3876 Nern.
489 3811 544 3877 IV.
559 3814 601 3876 96

488 3916 628 3998 μαλακὰ
649 3917 713 4000 μὲν
738 3920 895 4001 φρονέων
919 3917 1041 4000 ἐσλοῖς,

490 4024 615 4108 τραχὺς
639 4022 677 4090 δέ
699 4023 966 4109 παλιγκότοις
989 4024 1143 4110 ἔφεδρος.

300 4133 343 4199 id.
388 4132 438 4198 Ol.
454 4133 495 4198 ΙΙ,
511 4136 552 4198 20

489 4245 587 4323 πῆμα
610 4239 753 4325 δνᾴσκει
775 4240 981 4325 παλίγκοτον
1005 4240 1193 4325 δαμασδέν.

173 4396 384 4404 —n-——us-——a-

281 4490 305 4560 1)
332 4489 376 4545 De
400 4490 487 4545 forma
508 4489 661 4546 recentiore
683 4497 844 4564 μεταίχμιος
862 4494 890 4547 et
908 4495 1071 4565 μεταίχμιον
1090 4490 1209 4563 Hesyoh.
1228 4490 1263 4549 of.
1283 4491 1392 4547 Lobeoh
1409 4487 1441 4544 ad

173 4578 276 4651 Phryn.
295 4596 322 4649 p.
337 4581 388 4635 194
397 4596 437 4651 sq.
