3232 5176
695 301 915 374 ..68-

635 555 794 638 ΘΑΚΟΣ,
827 555 979 625 ΘΩΚΟΣ.

270 715 373 784 Huius
398 718 485 785 uocis
508 720 610 802 stirps
639 721 759 801 purtim
783 739 842 803 per
866 741 897 800 α,
933 721 1052 802 partim
1082 738 1141 801 per
1166 718 1343 800 ascripta
1378 717 1450 798 plu·

163 828 254 894 ribus
279 827 436 893 Graeciae
460 827 609 910 gentibus
640 828 815 895 communis
840 833 898 894 est.
946 828 1026 892 Eam
1056 827 1087 891 iu
1113 825 1283 909 tragoedia
1307 825 1451 889 Atticam

163 952 235 1000 esse
259 934 347 1000 solus
372 935 503 1015 negavit
528 934 719 1015 Wittekind,
746 952 816 1000 cum
841 933 960 1000 θακέω
984 954 1015 1016 p.
1041 938 1083 998 44
1115 934 1200 998 inter
1224 933 1323 998 uerba
1340 933 1452 997 Ionica

166 1049 313 1125 poneret.
362 1042 538 1109 Videamus
575 1044 683 1124 igitur,
720 1043 912 1126 quibusnam
952 1041 1069 1107 finibus
1104 1061 1182 1107 usus
1215 1041 1328 1122 stirpis
1364 1037 1452 1103 θακ-

168 1156 201 1215 et
224 1147 318 1215 θωκ-
342 1150 375 1215 111
400 1156 450 1217 est
473 1148 623 1241 *oiofoa
648 1155 681 1217 et
704 1147 851 1238 *tiofua
876 1149 1136 1230 circumscriptus
1171 1151 1223 1212 sit.
1270 1149 1318 1213 De
1348 1149 1452 1228 stirpe

165 1256 203 1323 ci.
228 1258 418 1323 Prelluitnii
451 1258 514 1324 lex.
551 1264 648 1342 etym.
684 1278 753 1325 sv.
780 1256 915 1339 θάσσω,
952 1258 1000 1325 W.
1029 1257 1171 1323 Schulnii
1207 1262 1332 1339 quaest.
1370 1255 1451 1336 cpic.

165 1385 196 1448 p.
223 1367 353 1448 43tsq.,
389 1363 573 1431 Hoffmanni
597 1367 673 1433 dial.
698 1366 754 1431 111.
779 1385 810 1448 p.
837 1367 911 1433 369.
960 1366 1085 1444 Quoia
1110 1384 1146 1430 re
1182 1364 1452 1431 considerandum

166 1478 217 1539 est
239 1475 383 1539 vocalem
408 1494 430 1537 α
454 1478 511 1539 aut
535 1493 564 1538 ω
589 1492 687 1556 saepe
711 1473 1000 1540 codicum-fallacii
1025 1474 1213 1538 auctoritati
1238 1472 1360 1538 deberi.

272 1584 300 1646 A
316 1581 418 1664 stirpe
442 1579 510 1646 *θα
510 1602 578 1672 foa
594 1581 680 1664 apud
696 1582 903 1647 Homerum
921 1581 1053 1646 verbum
1072 1581 1201 1645 ductum
1226 1584 1277 1644 est
1299 1576 1450 1643 θαάοσω

167 1689 307 1766 ,sede0“
331 1689 348 1755 I
374 1690 447 1769 194,
479 1684 506 1751 0
532 1689 605 1769 124,
630 1709 649 1770 γ
672 1690 747 1768 336,
783 1689 815 1755 h.
841 1689 937 1754 Mero.
966 1691 1039 1768 172,
1065 1690 1130 1752 468
1156 1685 1349 1770 (θοάσσωῖ)
1380 1703 1451 1749 cum

165 1797 198 1860 in
223 1796 426 1863 substantivo
462 1793 598 1860 formam
633 1796 747 1878 stirpis
770 1792 913 1886 *riofou-
949 1803 1146 1863 contractam
1182 1796 1215 1861 in
1239 1792 1359 1874 θῶκος
1395 1812 1452 1858 seu

166 1901 307 1984 θόωκος
330 1902 497 1987 praebeat.
546 1902 714 1986 Significat
745 1909 854 1982 autem
877 1902 998 1985 θῶκος
1024 1905 1173 1984 „sedem“
1198 1900 1220 1985 β
1247 1905 1297 1983 14,
1324 1899 1350 1964 Θ
1373 1902 1450 1979 439,

88 2016 90 2021 ’
166 2013 274 2091 μ318
299 2009 478 2095 (θόωκος),
504 2010 572 2076 sive
592 2011 809 2090 ,sessionem‘t
834 2009 915 2095 876
937 2010 1017 2077 οὔτε
1044 2000 1151 2093 ἀγορὴ
1173 2008 1253 2074 οὔτε
1275 2006 1450 2088 θόωκος,

166 2138 183 2180 e
207 2119 226 2182 3
251 2113 447 2183 θωκόνθε
470 2114 668 2198 καθίζανον,
699 2137 718 2182 ο
743 2119 808 2182 468
839 2120 886 2198 εἰς
909 2116 1029 2184 θῶκον
1047 2168 1054 2184 .
1072 2167 1079 2184 .
1097 2167 1104 2183 .
1122 2115 1245 2199 δήμοιό
1269 2137 1307 2181 τε
1332 2118 1450 2198 φῆμιν,

167 2225 256 2291 velut
280 2223 459 2307 Hesychius
485 2223 626 2306 explicat
649 2222 799 2300 θῶκος·
824 2223 990 2309 κάθεθρα,
1014 2224 1154 2309 θρόνος,
1180 2222 1356 2304 σύλλογος.

273 2333 365 2397 Hanc
404 2329 539 2396 formam
573 2328 693 2412 θῶκος
717 2331 838 2399 Iones
884 2340 1166 2413 conservaverunt,
1208 2351 1278 2397 cum
1318 2331 1450 2396 uerbum

167 2438 315 2505 θαάσσω
329 2444 539 2504 evanesceret
554 2444 587 2504 et
604 2439 880 2507 denominativum
896 2439 1023 2506 θωκόω
1040 2440 1304 2507 substitueretur.
1338 2438 1452 2503 Testes

167 2553 244 2612 sunt
274 2553 307 2612 et
329 2545 515 2612 Herodotus
538 2546 562 2610 1.
593 2549 651 2612 181
680 2545 813 2630 θῶκοι
837 2547 1100 2631 ἀμπαυστήριοι,
1124 2546 1178 2614 VI.
1199 2548 1239 2610 63
1266 2545 1302 2609 ἐν
1325 2542 1451 2625 θώκῳ

167 2654 358 2737 κατημένῳ,
394 2654 488 2721 simii.
517 2653 573 2719 IX.
600 2656 655 2738 84,
690 2654 731 2720 ΙΙ.
759 2657 821 2720 173
852 2654 889 2720 ἐν
912 2653 1032 2738 θρόνῳ
1061 2652 1383 2722 ...θωκέοντα
1419 2658 1452 2717 et

167 2762 381 2844 Hippocrates
407 2759 493 2826 ἐντιθ.
519 2759 551 2842 ζ’
574 2765 627 2846 47,
653 2763 688 2827 L.
714 2764 751 2827 V.
776 2766 842 2828 416
868 2760 948 2828 oriris
972 2761 1027 2826 ἐπὶ
1049 2760 1171 2827 θῶκον
1195 2759 1367 2839 ἀνίστατο,
1396 2759 1452 2823 uhi

169 2888 229 2949 per
252 2868 505 2951 euphemismum
531 2869 746 2951 explicatione
769 2891 835 2937 non
861 2875 1008 2952 egentem
1034 2870 1178 2952 corporis
1203 2869 1379 2934 necessitas
1405 2867 1452 2931 iu-

169 2974 337 3057 telligitur.
388 2973 509 3057 θῶκος
542 2976 602 3042 hoc
631 2978 702 3043 loco
727 2979 853 3044 codices
878 2978 1040 3057 exhibent,
1073 2997 1143 3043 cum
1167 2977 1200 3040 in
1225 2977 1372 3055 margine
1397 2976 1452 3040 ad·

170 3082 325 3165 scriptum
350 3085 393 3150 sit
408 3080 530 3166 θᾶκος,
556 3103 638 3166 quae
663 3085 826 3167 scriptura
842 3084 928 3150 ualet
953 3086 1039 3168 apud
1055 3085 1251 3151 recentiores
1276 3085 1452 3164 scriptores

170 3189 253 3256 inira
277 3189 467 3258 offerendos.

275 3299 411 3366 Praeter
441 3299 537 3366 Iones
569 3299 649 3366 haec
680 3299 783 3366 forma
814 3301 847 3364 in
879 3300 1023 3366 Sicilia
1055 3306 1088 3365 et
1114 3299 1254 3380 Magna
1286 3299 1453 3364 Graecia

169 3404 288 3486 floruit,
316 3426 389 3473 nam
406 3407 618 3488 Epicharmus
634 3406 695 3488 frg.
714 3408 802 3473 99Κ.
828 3408 998 3490 scripsisse
1016 3409 1157 3473 traditur
1180 3404 1270 3471 τοῖθο
1285 3403 1451 3487 θωκρσῶ,

170 3511 317 3595 Sophron
341 3515 402 3594 frg.
429 3516 470 3579 60
480 3515 517 3578 K.
536 3513 620 3596 ὑμὲς
644 3512 682 3579 δὲ
701 3513 950 3596 όιτεγγνάμονοι
973 3512 1132 3595 θωκεῖτε,
1157 3513 1216 3595 frg.
1238 3512 1349 3577 136Κ.
1376 3511 1452 3576 σόν-

168 3617 290 3685 θωκοι.
339 3621 445 3685 Etiam
469 3621 579 3686 Plauti
615 3622 695 3688 illud
729 3623 788 3703 frg.
821 3624 859 3687 81
888 3623 959 3707 (40)
996 3623 1154 3687 thocum
1196 3621 1281 3703 apud
1317 3620 1452 3685 Paulum

168 3746 200 3809 p.
226 3729 301 3795 367.
320 3729 350 3808 8,
381 3729 467 3811 quod
491 3729 531 3793 de
555 3729 655 3795 sellae
684 3749 803 3813 genere
832 3730 1021 3810 scripserat,
1058 3730 1098 3793 ad
1122 3727 1326 3794 Italiotarum
1352 3727 1451 3793 Grae·

169 3855 277 3901 corum
302 3854 393 3901 usum
418 3837 550 3902 recedit.

275 3943 312 4007 In
336 3944 408 4026 ipsa
432 3945 570 4028 denique
595 3944 732 4010 Graecia
755 3944 833 4010 urbs
858 3951 908 4010 est
932 3945 1135 4023 Arcadum,
1173 3962 1267 4027 quam
1292 3961 1408 4008 nomen
1433 3960 1453 4006 a

169 4055 281 4118 nostra
304 4051 407 4134 stirpe
432 4053 563 4118 duxisse
587 4051 765 4118 verisimile
791 4058 852 4134 est,
888 4049 1058 4117 Θώκνειον
1087 4056 1338 4119 commemorato
1365 4051 1451 4131 apud

170 4159 377 4240 Stephanum,
402 4158 544 4238 Suidam,
569 4158 775 4241 Pausaniam,
806 4179 870 4241 qua
894 4161 926 4224 in
951 4181 986 4226 re
1009 4160 1203 4242 respiciatur
1226 4159 1309 4223 hanc
1333 4158 1450 4222 dialec-

167 4272 236 4331 tum
258 4285 320 4333 usu
343 4285 454 4333 vocum
479 4266 682 4348 quarundam
718 4267 759 4332 ad
783 4267 916 4333 Homeri
948 4268 1212 4333 cousuetudinem
1236 4287 1337 4350 prope
1362 4286 1450 4332 acco·

168 4374 253 4439 dere.
281 4373 402 4438 Contra
414 4373 512 4456 plane
530 4374 686 4439 incertum
707 4380 766 4454 est,
786 4375 872 4456 quod
889 4375 983 4440 Shias
1002 4376 1035 4439 in
1058 4375 1271 4456 inscriptione
1288 4375 1450 4456 Gortynos

168 4478 296 4545 Cretica
330 4482 477 4547 restituit
514 4481 601 4550 C.·B.
637 4482 695 4548 111.
735 4485 765 4566 2,
802 4484 900 4547 4994.
929 4485 950 4546 4
990 4480 1224 4547 ΚΑΘ..οΣ
1256 4480 1451 4569 καθ[ώκ]ος

166 4585 311 4652 :uacci
335 4585 487 4669 θώκους,
512 4590 658 4657 Blassius
683 4595 791 4656 autom
815 4595 849 4654 κ’
875 4588 1134 4676 amomum-1011
1159 4591 1228 4655 sine
1253 4591 1321 4655 veri
1338 4591 1449 4657 simili·
