3232 5176
713 277 935 342 ..33-

191 461 261 522 τῶν
278 454 408 540 ίχάύων
424 456 481 520 καὶ
496 454 668 539 ἐξειρύσαι.
702 454 743 522 ΙΙ.
762 458 803 520 95
828 458 897 536 ιτάς
919 453 1004 539 ἀνὴρ
1022 454 1137 520 αὐτῶν
1154 451 1467 539 ἀμφίβληστρον

192 563 337 647 ἔκτηται,
361 567 410 646 τῷ
434 568 497 646 τῆς
512 563 575 645 μὲν
590 562 721 646 ἡμέρης
738 561 837 645 ίχύύς
853 562 993 647 ἀγρεύει,
1018 563 1080 646 τὴν
1097 562 1134 629 δὲ
1150 563 1256 628 νύκτα
1273 614 1281 629 .
1299 617 1306 630 .
1325 613 1332 629 .
1358 563 1469 646 ἵστησι

192 671 230 737 τὸ
260 669 574 754 ἀμφίβληστρον
602 671 658 734 καί
688 668 803 735 ἔπειτα
833 669 933 752 ἐσδὺς
960 671 1021 736 ἀπ’
1048 670 1132 737 αὐτὸ
1161 669 1325 752 κατεύδει,
1354 690 1397 737 sc.
1429 690 1468 737 ne

192 797 330 860 conopes
354 797 426 843 eum
451 778 627 843 mordeant.

299 887 392 969 Apud
416 885 541 950 Atticos
569 884 745 966 scriptores
782 884 983 950 enotavinnus
1018 885 1077 950 bos
1107 886 1211 952 locos:
1251 888 1344 952 Plato
1370 885 1468 969 Sopb.

193 994 306 1058 2353.
336 989 602 1075 τιεριειλήφαμεν
633 992 670 1056 ἐν
699 989 980 1074 ἀμφιβληστρικῷ
1004 1013 1068 1057 τινι
1094 997 1165 1058 τῶν
1189 994 1225 1058 ἐν
1249 992 1363 1076 λόγοις
1395 1041 1436 1058 ..
1463 1046 1469 1060 .

193 1100 358 1183 ὀργάνων.
404 1099 599 1182 Antiphanis
627 1098 686 1181 frg.
714 1102 776 1163 194
804 1099 964 1182 (Koclrll.
983 1103 1035 1182 92,
1065 1101 1138 1167 Mei.
1156 1101 1305 1181 111.109)
1335 1099 1471 1183 ίχάύσιν

194 1206 453 1291 ἀμφίβληστρον
466 1206 551 1289 ἀνὴρ
569 1204 713 1286 πολλοῖς
729 1202 933 1288 ἐπιβάλλων.
969 1206 1080 1273 Sermo
1093 1207 1263 1274 familiaris
1279 1228 1342 1274 non
1360 1214 1420 1286 est,
1438 1208 1471 1272 id

193 1316 277 1398 quod
294 1315 344 1379 vol
358 1320 495 1380 metrum
511 1315 614 1381 docet.
650 1314 820 1380 Menandri
842 1312 903 1396 irg.
923 1316 964 1380 27
982 1315 1088 1397 (Kock
1103 1315 1160 1381 IlI.
1177 1319 1227 1396 11,
1253 1317 1326 1382 Mei.
1344 1317 1399 1382 IV.
1415 1315 1470 1398 78)

194 1420 442 1505 ἀμφιβλήστρῳ
470 1419 719 1504 περιβάλλεται.
766 1422 914 1504 Denique
943 1423 977 1487 in
1006 1423 1116 1504 lingua
1142 1424 1298 1489 communi
1322 1443 1384 1488 vox
1407 1423 1472 1488 usi·

194 1537 264 1596 tata
289 1536 338 1597 est
361 1549 420 1613 pro
445 1550 482 1596 eo
507 1529 592 1611 quod
617 1535 666 1594 est
689 1536 768 1602 rete,
793 1529 883 1595 velut
898 1529 995 1594 LXX.
1012 1530 1064 1596 Ps.
1082 1532 1145 1594 140
1159 1532 1263 1614 (141).
1280 1533 1331 1611 10,
1348 1529 1470 1596 Eccles.

195 1643 224 1705 9.
244 1640 294 1719 15,
325 1639 446 1703 Habeo.
467 1641 493 1700 l.
514 1638 564 1717 15,
585 1640 635 1717 16,
656 1639 711 1715 173
741 1636 805 1701 NT.
830 1636 945 1702 Mettb.
971 1638 1000 1700 4.
1022 1638 1071 1717 18,
1103 1637 1202 1703 Marc.
1222 1641 1250 1705 1.
1270 1640 1321 1702 16.
1378 1637 1472 1703 Unde

196 1743 407 1830 ἀμφιβολεύς
441 1744 603 1810 notionem
638 1745 810 1826 piscatoris
845 1743 972 1826 accepit
1001 1743 1061 1809 les.
1082 1746 1133 1809 19.
1152 1745 1181 1810 8.
1240 1744 1277 1809 In
1312 1748 1472 1827 apparatu

196 1855 370 1935 piscatorio
395 1870 504 1918 vocem
527 1857 683 1918 memorat
706 1851 820 1918 Pollux
843 1851 867 1918 Ι.
886 1853 938 1931 97,
964 1851 1035 1916 VII.
1055 1852 1128 1931 139,
1153 1852 1286 1918 x.132.

302 1961 488 2027 Derivatam
505 1957 774 2048 significationem
790 1958 926 2040 praebet
942 1959 1056 2024 Pollux
1071 1959 1110 2025 ll.
1127 1962 1178 2039 71,
1196 1960 1251 2025 ubi
1268 1960 1307 2025 de
1323 1959 1472 2041 partibus

156 2124 172 2145 .
198 2069 281 2135 oculi
306 2068 449 2133 disserit:
474 2069 522 2148 τῷ
542 2064 579 2131 ἀὲ
595 2066 746 2148 τετάρτῳ
770 2064 982 2148 ἀραχνοειάεῖ
1001 2066 1058 2131 καί
1081 2063 1473 2148 άμφιβληστροειάεῖ,

199 2177 282 2259 quod
307 2175 422 2240 Latine
451 2179 584 2241 vocatur
612 2174 727 2239 retina.
776 2172 917 2239 Galenus
954 2193 1080 2256 quoque
1117 2192 1185 2239 earn
1222 2175 1351 2257 saepius
1379 2179 1474 2240 vocat

201 2280 503 2366 ἀμφιβληστρικην.
564 2281 781 2363 Hippocrates
825 2281 954 2362 quidem
999 2299 1109 2346 vocem
1154 2300 1216 2345 non
1260 2280 1375 2362 habet,
1420 2282 1476 2346 sed

200 2391 374 2456 secundum
398 2389 536 2454 Littraei
571 2388 708 2454 iudicem
742 2389 879 2453 retinam
914 2407 1071 2470 nusquam
1107 2386 1209 2453 affert.
1267 2388 1391 2454 Nomen
1428 2390 1475 2454 in·

201 2502 332 2564 ventum
367 2515 437 2562 esse
466 2496 594 2561 videtur
624 2496 664 2561 ab
693 2495 870 2577 Herophilo
901 2495 1166 2561 Chalcedoniensi
1196 2496 1265 2576 (IV.
1291 2497 1419 2562 saeculo
1449 2516 1478 2563 a.

203 2603 277 2669 Chr.
295 2604 352 2683 n),
377 2602 414 2668 cf.
432 2602 543 2682 Rufus,
560 2621 591 2684 p.
607 2603 648 2667 38
667 2602 788 2668 clinch.
815 2599 930 2685 ἐπειδὴ
956 2600 993 2666 ἀὲ
1021 2600 1206 2685 Ἡρόφιλος
1229 2601 1349 2684 εἰκάζει
1374 2601 1479 2668 αὐτὸν

204 2708 450 2794 ἀμφιβλήστρῳ
481 2707 736 2791 ἀνεσπασμένῳ,
773 2707 855 2773 ἔνιοι
882 2710 938 2774 καὶ
967 2707 1279 2792 ἀμφιβληστροειάῆ
1304 2706 1478 2776 καλοῦσιν.

308 2818 356 2882 Ex
384 2819 456 2899 ipsa
484 2814 720 2897 significatione
748 2818 903 2899 seqnitur,
940 2822 976 2882 ut
1006 2815 1265 2899 ἀμφίβληστρον
1297 2819 1408 2895 „rete“
1441 2816 1481 2881 ab

202 2925 365 2990 Ionibus
400 2923 609 3006 peculiariter
637 2923 808 2990 formatum
840 2925 893 2990 sit.
939 2925 1007 2989 lam
1031 2944 1107 2990 vero
1132 2944 1189 3005 per
1215 2943 1249 2989 se
1274 2924 1408 3007 quodvis
1433 2923 1481 2988 in·

202 3038 415 3099 strumentum
439 3029 505 3117 est,
542 3050 604 3113 quo
636 3031 756 3113 aliquid
788 3028 1048 3114 ἀμφιβάλλεται,
1083 3032 1168 3097 unde
1196 3032 1285 3097 notio
1315 3034 1395 3096 retis
1427 3032 1481 3095 de·

203 3142 332 3206 ducitur
355 3140 466 3205 addita
490 3139 685 3223 impediendi
710 3144 743 3204 et
767 3140 937 3216 cohibendi
954 3140 994 3219 vi,
1021 3158 1103 3222 quae
1127 3141 1188 3206 etsi
1212 3159 1232 3205 a
1254 3141 1352 3206 verbo
1378 3138 1481 3222 ἀμφι-

204 3245 342 3332 βάλλειν
372 3267 436 3313 non
464 3247 571 3314 aliena
601 3253 651 3313 est
684 3246 736 3332 (cf.
761 3246 859 3330 Soph.
885 3249 958 3312 Ant.
986 3250 1050 3312 344
1075 3247 1160 3313 chor.
1191 3244 1303 3329 φῦλον
1327 3245 1482 3329 ὀρνίύων

206 3353 422 3439 ἀμφιβαλών,
458 3357 526 3421 sim.
557 3353 773 3438 περιβάλλειν
800 3355 852 3420 vel
881 3356 913 3420 iu
947 3374 1045 3436 prosa
1074 3354 1243 3436 oratione),
1279 3359 1389 3420 tamen
1419 3375 1483 3420 non

210 3464 395 3529 necessario
420 3464 452 3527 in
476 3482 513 3527 eo
537 3463 631 3527 inest.
670 3462 707 3527 In
731 3464 859 3527 nomine
884 3463 983 3544 igitur
1008 3460 1267 3546 ἀμφίβληστρον
1290 3463 1378 3528 notio
1395 3463 1487 3528 verbi

206 3571 360 3652 peculiari
384 3571 478 3636 modo
502 3570 536 3634 in
560 3570 729 3652 angustius
754 3575 919 3636 contractu
943 3575 1002 3637 est.
1043 3570 1209 3653 Nusquam
1233 3571 1316 3636 enim
1341 3571 1381 3636 de
1404 3571 1483 3636 sim·

206 3679 282 3761 plici
303 3684 393 3744 veste
418 3678 538 3743 dictum
554 3682 614 3744 est.
648 3677 685 3742 Id
710 3682 817 3742 autem
841 3695 943 3758 aeque
967 3678 1052 3759 apud
1076 3695 1185 3744 omnes
1203 3677 1343 3744 Graecas
1368 3683 1483 3760 gentes

207 3785 326 3850 iactum
363 3803 434 3851 esse
462 3786 514 3851 vix
549 3785 714 3866 probabile
743 3785 871 3850 videtur
901 3802 980 3850 esso.
1028 3785 1161 3850 Factum
1193 3791 1243 3849 est
1279 3790 1366 3850 certe
1399 3785 1486 3867 apud

207 3892 339 3974 lones;
363 3892 450 3974 apud
467 3892 646 3957 Atticorum
670 3897 776 3959 autern
801 3893 997 3973 scriptorum
1020 3893 1179 3957 neminem
1203 3894 1249 3957 ita
1272 3893 1392 3975 legitur
1413 3912 1484 3973 uox,

208 4007 244 4063 ut
279 3999 502 4066 consuetudini
537 4018 595 4080 pro
633 4005 720 4066 certo
760 4000 932 4065 tribuenda
970 4000 1022 4065 sit.
1081 4000 1174 4064 Plato
1213 4006 1247 4066 et
1281 4000 1486 4081 Antiphanes

209 4107 336 4188 poetico
372 4125 519 4173 serrnoue
555 4111 699 4182 utuntur,
736 4106 904 4172 Menandri
939 4126 1044 4173 sermo
1077 4107 1163 4173 haud
1199 4107 1312 4188 procul
1343 4108 1436 4171 abest
1467 4127 1486 4172 a

210 4213 320 4294 lingua
356 4214 521 4280 communi.
569 4213 681 4296 Neque
712 4219 771 4295 est,
808 4215 863 4297 qui
891 4233 999 4280 vocern
1030 4215 1156 4297 priscae
1179 4215 1307 4280 Atthidi
1330 4216 1484 4296 vindicet,

212 4339 285 4389 narn
309 4322 481 4388 verisimile
505 4342 568 4388 non
593 4327 643 4389 est
658 4337 736 4391 ‘earn
761 4328 869 4389 aetate
892 4323 1130 4389 antehomerica
1152 4321 1309 4389 floruisse.
