3232 5176
698 268 919 330 „75-

167 451 315 517 derivata
340 449 408 515 eius
433 448 520 530 apud
543 445 758 512 Athenienses
782 445 905 511 usitata
932 444 1042 511 fuisse.
1091 446 1231 524 Quorum
1250 446 1448 530 'gravissima

165 561 270 642 primo
294 557 363 622 loco
380 555 544 623 afferimus
568 573 586 619 e
601 552 765 636 lapidibus
782 552 927 620 collecta.
975 553 1012 618 ln
1036 553 1108 636 ipso
1125 553 1210 618 enim
1227 559 1324 635 portu
1339 554 1448 619 Piraei

164 666 292 748 lapides
317 665 380 730 duo
403 663 459 730 lo.
485 662 510 728 1.
537 664 601 728 520
625 667 659 728 51
684 663 746 726 521
784 661 905 727 inventi
929 665 1015 742 sunt,
1052 661 1108 743 qui
1132 659 1300 726 exhibent:
1336 658 1448 741 πορθ-

164 774 273 856 μείων
296 770 427 854 ήόρμοο
450 769 564 852 Ιιόρος.
623 770 694 835 Hae
723 769 952 852 inscriptiones
976 774 1110 852 propter
1155 786 1186 844 ἶ
1222 787 1286 833 una
1330 767 1450 833 lineola

167 898 282 947 carens
306 878 419 962 quinto
444 877 571 943 soeculo
581 875 607 961 ¹)
632 877 753 943 incisae
777 882 868 956 sunt;
898 876 1083 958 significant
1107 882 1215 943 autem
1238 873 1335 942 finem
1360 877 1447 941 naui·

167 988 323 1069 cularum,
340 985 456 1069 quibus
469 985 683 1051 Athenienses
700 984 734 1049 in
748 983 833 1051 freto
850 984 1025 1051 Salaminio
1042 984 1116 1050 uehi
1131 984 1289 1051 solebant.
1307 982 1448 1062 Quarum

165 1100 282 1161 nautas
299 1094 534 1175 Aristophanes
550 1092 696 1158 nominat
711 1091 796 1158 Eccl.
825 1093 910 1157 1086
934 1092 1031 1174 trlm,
1056 1091 1112 1157 ubi
1128 1092 1328 1173 adulescens,
1353 1109 1448 1173 quem

165 1202 319 1268 mulieres
347 1200 430 1265 dnae
466 1196 626 1282 flagitant,
663 1217 718 1265 eas
753 1199 906 1281 repudiat
938 1196 1088 1282 χαλεποί
1113 1199 1144 1280 γ’
1172 1196 1214 1263 ἂν
1236 1197 1319 1280 ἦστε
1355 1197 1446 1280 γενό-

165 1330 267 1393 μενοι
290 1306 464 1391 πορθμῆς,
491 1305 529 1371 51.
547 1305 645 1373 schol.
664 1303 781 1389 ἐπειδὴ
806 1306 839 1370 οἱ
853 1303 1018 1389 πορθμῆς
1041 1303 1123 1386 τοὺς
1138 1304 1327 1388 παριόντας
1350 1304 1450 1387 ἀναγ-

166 1416 327 1500 κάζουσιν
351 1416 399 1496 εἰς
422 1412 465 1479 τὰ
489 1411 559 1478 ἴδια
582 1410 689 1479 πλοῖα
714 1411 894 1497 ἐμβαίνειν.
944 1413 1025 1480 Sunt
1048 1407 1178 1495 narrt'ae,
1204 1433 1338 1497 quorum
1362 1413 1449 1479 inso-

167 1525 301 1591 lentiam
318 1522 553 1605 Aristophanes
571 1527 659 1587 certe
682 1540 746 1587 non
770 1541 788 1588 e
809 1522 997 1603 tragoediis,
1023 1521 1079 1588 sed
1097 1541 1137 1586 ex
1160 1522 1227 1586 vita
1243 1527 1449 1603 cognoverat.

167 1634 213 1698 Ae
238 1633 267 1699 si
290 1628 496 1713 monoperae,
521 1625 702 1712 ooodpedg
725 1628 978 1696 Atheniensibus
1003 1629 1041 1695 V.
1059 1629 1181 1696 saeculi
1205 1629 1304 1694 verba
1327 1630 1450 1695 usitata

165 1739 307 1821 fuerunt,
342 1756 383 1803 ue
412 1737 507 1803 aliter
532 1737 571 1803 de
596 1755 673 1804 voce
696 1734 868 1820 πορθμός,
892 1737 977 1802 unde
1002 1737 1059 1802 illa
1083 1739 1180 1804 dueta
1203 1742 1289 1818 sunt,
1326 1736 1449 1802 iudices

166 1851 306 1930 oportet,
332 1846 395 1913 etsi
417 1845 471 1911 IV.
488 1845 544 1911 sel.
567 1844 673 1911 locum
698 1845 788 1911 dedit
812 1845 882 1912 uoci
898 1845 1016 1928 πόρος.
1064 1846 1170 1929 Atque
1196 1863 1309 1912 revera
1325 1844 1450 1928 Thucy·

166 1956 268 2038 dldes,
292 1960 330 2020 ut
353 1959 424 2020 erat
448 1958 574 2019 amator
598 1952 800 2019 inveteratae
824 1953 952 2019 Atticae
977 1953 1141 2033 dictionis,
1166 1951 1220 2020 IV.
1247 1953 1301 2034 83,
1337 1951 1392 2018 VI.
1418 1953 1449 2035 2,
1547 1975 1549 1979 ’

166 2063 236 2131 VII.
266 2066 282 2128 1
314 2062 433 2129 fretum
463 2061 615 2142 Siculum,
651 2060 693 2127 ΙΙ.
724 2062 764 2126 83
800 2058 919 2127 fretum
956 2060 1042 2126 inter
1065 2060 1171 2127 Rhion
1203 2065 1236 2127 et
1260 2059 1449 2125 Antirrhion

168 2176 297 2238 exstans
321 2168 519 2252 πορθμός
542 2168 676 2236 vocavit.
720 2169 859 2234 Restant
888 2170 974 2251 apud
997 2169 1123 2234 Atticos
1159 2169 1335 2250 scriptores
1358 2167 1451 2234 tosti-

165 2278 274 2344 monia
309 2278 443 2344 minoris
482 2275 688 2343 auctoritatis
724 2276 814 2342 velut
840 2275 973 2360 [Alcid]
997 2275 1111 2359 Odyss
1139 2279 1178 2340 15
1202 2273 1383 2359 πορθμεύς
1418 2276 1449 2340 in

165 2385 284 2452 Blassii
301 2386 377 2452 edit.
395 2383 587 2466 Antiphont.
612 2404 643 2466 p.
664 2386 736 2465 188,
761 2385 985 2467 Xenophontis
1003 2383 1087 2449 Hell.
1114 2386 1143 2448 5.
1163 2388 1191 2450 l.
1210 2385 1250 2449 23
1277 2380 1450 2448 ἁλιευτικὰ

166 2544 174 2560 .
192 2544 200 2559 .
218 2544 226 2560 .
242 2494 300 2559 καὶ
322 2491 536 2575 πορθμεῖα
552 2490 754 2574 ἀνθρώπων
768 2492 886 2575 μεστά.
934 2492 1005 2558 Hac
1021 2510 1098 2559 voce
1111 2491 1312 2575 Antiphanes
1328 2491 1387 2572 lrg.
1408 2492 1449 2556 86

166 2603 217 2691 (Κ.
236 2603 277 2669 11.
303 2603 356 2681 46,
382 2600 457 2665 Μ51.
475 2599 530 2665 ΙΠ.
557 2601 614 2680 47)
639 2600 785 2683 cymbam
810 2599 968 2666 Charonis
991 2604 1094 2680 vocat,
1126 2617 1195 2664 cum
1220 2597 1356 2664 formam
1380 2598 1449 2665 eius

166 2707 319 2792 πορθμίς
354 2708 505 2774 exhibeat
528 2707 655 2774 Anaxil.
680 2706 741 2788 frg.
767 2708 808 2771 22
845 2707 964 2792 (11.11.
993 2709 1069 2788 270,
1105 2706 1180 2773 Mei.
1204 2707 1263 2775 Ill.
1289 2709 1364 2776 348.
1384 2709 1448 2791 ll).

165 2818 273 2883 Etiam
297 2815 480 2899 Licymnius
504 2814 565 2898 frg.
592 2817 632 2880 22
658 2815 740 2881 dixit
756 2813 959 2898 aopdpedco.
1006 2815 1153 2896 Denique
1173 2815 1289 2880 Pollux
1311 2815 1366 2884 VI.
1387 2818 1449 2882 128

166 2922 346 3007 πορθμεύς
370 2924 454 2989 inter
479 2924 727 3006 obiurgamenta
743 2923 881 2989 tradidit
904 2922 992 3007 (uide
1019 2921 1181 3004 Aristoph.
1207 2922 1292 3007 loc).
1330 2923 1451 2989 Recen-

167 3032 251 3098 tiore
274 3049 351 3098 vero
376 3036 485 3097 aetate
509 3029 672 3115 πορθμός
704 3029 814 3098 floruit
837 3031 922 3113 apud
946 3031 1167 3112 Aristotelem,
1202 3030 1372 3113 Polybium
1397 3031 1449 3112 al,

167 3159 229 3205 non
255 3138 352 3206 aliter
374 3136 566 3221 conopaeo
602 3139 689 3221 apud
713 3138 910 3204 recentiores
946 3139 1134 3222 scriptores
1172 3138 1262 3204 cuins
1286 3140 1334 3206 rei
1358 3139 1449 3206 nobis

166 3267 231 3314 non
254 3247 402 3326 interest,
439 3252 612 3330 postquam
636 3266 736 3329 supra
759 3247 824 3313 ianr
854 3247 935 3313 satis
959 3246 1113 3328 gravibus
1138 3247 1336 3328 argumentis
1366 3266 1450 3312 com·

167 3356 339 3437 probatum
365 3361 414 3420 est
437 3353 600 3438 πορθμός
630 3355 764 3438 eiusque
788 3354 935 3421 derivata
959 3355 1105 3437 putanda
1140 3372 1211 3420 esse
1235 3354 1321 3420 inter
1344 3355 1451 3436 prisea

170 3462 281 3528 Attica
304 3463 414 3531 verba.

709 3620 905 3689 ΦΟΝΕΥΩ.

274 3748 470 3816 Interfector
505 3751 591 3832 apud
616 3751 758 3816 Graecos
783 3751 963 3833 antiquitus
992 3751 1169 3818 vocabatur
1194 3752 1330 3835 φονεύς,
1367 3769 1450 3834 quae

167 3876 229 3922 vox
252 3857 339 3939 apud
361 3857 547 3939 Homerum,
584 3858 670 3939 apud
692 3858 798 3942 lones,
836 3861 922 3942 apud
945 3859 1161 3927 Athenienses
1185 3861 1334 3939 occurrit,
1365 3859 1451 3942 quod

168 3963 254 4030 infra
278 3965 561 4031 demonstrabitur.
611 3966 753 4032 Verbum
788 3971 897 4032 antem
931 3968 1006 4033 inde
1036 3968 1166 4034 ductum
1193 3967 1340 4051 φονεύω,
1366 3966 1451 4050 quod

169 4072 255 4155 apud
278 4071 374 4139 lones
398 4071 516 4155 floruit,
542 4073 581 4138 ab
604 4072 723 4139 Atticis
747 4074 960 4156 scriptoribus
983 4077 1089 4142 rarius
1115 4079 1304 4160 usurpatur.
1342 4076 1450 4154 Quare

170 4178 301 4246 difficile
345 4186 396 4246 est
438 4181 626 4262 diiudicare,
672 4200 749 4246 num
797 4183 935 4264 φονεύω
970 4185 1002 4248 ln
1039 4184 1210 4267 tragoedia
1246 4182 1373 4249 Atticae
1409 4203 1450 4249 an

169 4287 299 4354 Ionicae
335 4289 560 4355 consuetudini
597 4287 765 4369 debeatur,
803 4288 840 4353 cl.
866 4289 1075 4357 Rutherford.
1105 4292 1125 4357 1.
1145 4309 1169 4356 c.
1195 4310 1225 4373 p.
1253 4294 1304 4373 15,
1341 4293 1450 4359 adnot.

171 4399 240 4462 251
267 4397 297 4477 3,
323 4394 359 4460 Ο.
385 4397 517 4461 Diencri
541 4396 616 4462 diss.
643 4395 683 4462 de
706 4414 853 4462 sermone
878 4398 1080 4482 Thucydideo
1105 4418 1137 4480 p.
1162 4401 1215 4466 41.

173 4523 386 4532 —-—-——-—-

279 4589 302 4660 ¹)
320 4589 438 4660 Propter
456 4589 621 4661 scripturam
633 4591 811 4648 terminorum
825 4591 1017 4649 arehnisticem
1036 4591 1065 4647 id
1084 4591 1173 4653 solnm
1192 4593 1358 4650 contendere
1376 4592 1454 4648 licet.
