3232 5176
762 299 959 381 ..ι-

227 480 344 564 mixtus
380 500 430 562 est
463 515 501 561 ex
535 479 634 562 variis
669 495 826 562 dialectis,
874 494 955 559 Nam
990 513 1086 577 quom
1120 496 1207 578 apud
1241 500 1371 577 gentem
1400 516 1500 562 unum

228 607 376 690 quodque
411 603 560 671 carminis
588 621 689 685 genus
719 603 857 684 primum
884 601 1049 668 inventum
1074 606 1107 667 et
1129 607 1305 668 tractatum
1329 609 1393 686 est,
1430 605 1500 669 eius

227 712 438 795 potissimum
452 712 624 794 dialectum
647 729 727 794 prae
750 729 785 776 se
808 708 892 775 ferre
916 711 1007 792 solet,
1031 710 1079 775 ita
1100 714 1219 793 tamen,
1243 716 1281 776 ut
1303 730 1343 777 ne
1363 711 1500 776 aliarum

227 822 356 905 quidem
385 819 524 902 vestigia
554 819 763 885 dialectorum
792 818 912 899 desint,
949 823 1104 901 quantum
1132 818 1260 901 quidem
1283 818 1317 883 in
1341 817 1500 884 similibus

226 931 335 1012 poesis
369 925 541 1011 generibus
575 932 671 992 antea
706 926 851 991 excultae
887 930 988 993 erant.
1039 925 1132 990 Hanc
1166 926 1260 1007 quasi
1293 925 1397 1008 legem
1427 932 1501 1006 post

228 1036 386 1120 Ahrensii,
410 1034 655 1117 Wilamowitzii,
679 1033 816 1098 aliorum
839 1033 973 1099 inuenta
996 1038 1093 1116 atque
1123 1051 1215 1098 curas
1238 1023 1277 1097 E.
1300 1031 1444 1096 Zarncke
1467 1031 1501 1096 in

227 1144 351 1210 libello:
380 1143 441 1208 Die
464 1141 688 1222 Entuichlung
712 1142 769 1207 der
793 1141 1014 1224 griechischen
1038 1138 1389 1221 Litteraturaprachen,
1413 1138 1500 1218 Lips.

230 1252 315 1317 1890
349 1250 510 1317 uberrime
546 1247 709 1331 explicuit.
756 1248 845 1326 Quae
880 1267 950 1314 cum
984 1249 1031 1313 ita
1066 1249 1141 1328 sint,
1176 1245 1271 1313 facile
1298 1245 1502 1326 intellegitur

229 1358 317 1425 chori
352 1357 467 1439 tragici
502 1356 673 1422 dialectum
710 1355 844 1420 eandem
872 1354 940 1422 fere
969 1375 1050 1438 esse,
1087 1373 1169 1438 quae
1198 1355 1231 1419 in
1260 1354 1345 1420 omni
1374 1352 1502 1419 chorica

228 1467 319 1549 poesi
349 1465 487 1531 valebat.
533 1463 570 1529 In
607 1463 760 1530 diverbiis
795 1467 903 1528 autem
933 1464 1074 1529 Atticam
1103 1463 1274 1529 dialectum
1302 1480 1367 1527 non
1398 1461 1503 1526 solum

205 1556 377 1655 'maiores
402 1572 459 1638 sed
482 1572 602 1653 primas
626 1576 737 1654 partes
761 1570 907 1638 obtinere
931 1576 1180 1637 consentaneum
1205 1574 1264 1653 est,
1295 1569 1446 1651 quoniam
1471 1574 1504 1634 et

230 1682 446 1747 ‹liverhiorum
468 1697 574 1745 sermo
597 1679 742 1760 proxime
765 1679 890 1744 accedit
913 1680 955 1744 ad
978 1678 1168 1744 familiarem
1190 1683 1323 1743 consuet
1310 1677 1454 1742 tudinem
1471 1681 1504 1740 et

213 1788 428 1901 tragoedia
421 1806 493 1870 ipsa
515 1787 556 1853 ah
573 1786 857 1854 Atheniensibus'
848 1792 981 1853 mventa
1004 1790 1063 1852 est.
1110 1785 1258 1869 Nequet
1261 1803 1352 1849 amen
1377 1785 1503 1868 mirum,

213 1862 314 1985 ιιιοιί
349 1896 510 1979 permulta
477 1900 657 1960 textant
690 1895 827 1978 uestigia
864 1895 994 1961 dialecti
1027 1894 1155 1975 Ionum,
1191 1894 1312 1976 quippe
1339 1911 1359 1957 a
1387 1892 1503 1974 quibus

218 1988 366 2092 {iambica
399 2003 555 2085 poesist
557 2008 612 2067 ota
647 2002 793 2085 proiecta
828 2003 880 2068 sit
938 2002 1089 2067 Admixta
1071 2007 1189 2066 atsun
1212 2004 1383 2082 praeterea
1416 1999 1504 2064 haud

230 2131 332 2194 pauca
355 2111 504 2176 dictionis
529 2109 639 2191 opicae
663 2109 832 2190 elementa,
869 2127 952 2191 quae
981 2109 1085 2173 instar
1113 2106 1315 2172 fundamenti
1343 2112 1394 2173 est
1417 2107 1505 2171 omni

232 2219 428 2286 Graecorum
467 2218 607 2283 sermoni
642 2215 868 2283 artificiosiori.
927 2216 1038 2297 Neque
1074 2216 1188 2281 deesse
1221 2214 1314 2296 lyrici
1349 2215 1505 2279 sermonis

232 2327 368 2408 vestigia
401 2324 495 2390 facile
526 2325 601 2390 inde
632 2325 820 2406 explicatur,
856 2326 942 2407 quod
970 2324 1011 2389 ad
1034 2324 1167 2407 lyricam
1190 2324 1301 2404 poesin
1325 2322 1506 2388 revocanda

231 2440 306 2500 sunt
328 2433 504 2515 primordia
528 2433 716 2514 tragoediae
742 2436 825 2497 teste
850 2431 1027 2497 Aristotele
1049 2431 1234 2512 γενομένης
1342 2428 1410 2494 ἀπὸ
1434 2431 1506 2494 τῶν

232 2540 443 2624 ἐξαρχόντωι
465 2538 527 2605 τὸν
551 2537 777 2622 διθύραμβοι.

338 2649 427 2727 Quae
461 2648 671 2714 dialectorum
706 2647 818 2712 mixtio
862 2651 898 2710 ut
939 2645 1059 2712 rectius
1099 2645 1321 2729 intellegatur,
1373 2664 1427 2710 eas
1468 2664 1507 2709 ex

232 2756 382 2838 Aeschyli
406 2755 559 2851 diyerbiis
583 2753 702 2820 formas
727 2754 985 2838 conquisivimus,
1016 2773 1096 2837 quas
1126 2774 1165 2819 ex
1188 2773 1250 2836 quo
1275 2752 1416 2818 Atticam
1440 2752 1507 2816 dia·

232 2865 350 2929 lectum
375 2846 621 2944 inscriptionum
646 2863 764 2928 auxilio
789 2862 1004 2944 cognovimus,
1033 2862 1068 2926 id
1092 2866 1141 2927 est
1128 2861 1319 2927 t.eaVIl
1321 2860 1410 2925 tVI
1438 2877 1508 2924 sae·
1563 2878 1566 2885 ·

236 2972 325 3053 culis,
349 2971 553 3036 nonAtt'ttrcas
577 2970 676 3036 inisse
699 2975 833 3053 proper
857 2987 1008 3035 sonorum
1023 2976 1183 3034 raronem
1199 2972 1334 3034 conset
1369 2967 1508 3049 Aeschy-

234 3079 300 3143 lum
329 3084 384 3142 aut
386 3097 436 3143 em
464 3080 617 3162 elegimus
648 3098 664 3143 e
692 3080 888 3161 tragicorum
912 3082 1081 3159 poetarum
1104 3095 1247 3156 numero,
1283 3075 1359 3158 quia
1382 3093 1508 3139 omnem

236 3186 275 3250 de
298 3187 485 3268 tragoediae
510 3187 647 3252 dialecto
672 3185 892 3268 quaestionem
916 3187 957 3250 ab
977 3185 1146 3268 Aeschylo,
1171 3183 1394 3266 antiquissimo
1419 3181 1508 3246 cuius

237 3294 365 3375 quidem
394 3295 580 3376 tragoedias
607 3292 762 3358 habemus
791 3301 888 3374 poeta
916 3294 1126 3375 repetendam
1151 3310 1222 3357 esse
1244 3289 1338 3355 facile
1363 3294 1508 3369 apparet.

343 3400 483 3478 Quarum
512 3400 686 3466 formarum
714 3401 800 3466 haud
829 3419 947 3482 paucas
975 3419 1089 3466 revera
1118 3397 1158 3462 ab
1183 3397 1338 3479 Aeschylo
1370 3397 1509 3478 scriptas

236 3506 334 3572 fuisse
369 3508 516 3589 pluribus
551 3508 750 3588 argumentis
786 3507 1023 3589 comprobatur.
1070 3505 1212 3570 Primum
1236 3503 1365 3585 quidem
1388 3504 1510 3570 multae

236 3634 441 3681 numerorum
469 3616 596 3680 ratione
623 3615 672 3680 ita
700 3616 916 3697 postulantur,
952 3618 989 3678 ut
1016 3633 1080 3678 non
1108 3613 1206 3677 liceat
1228 3612 1355 3676 Atticae
1380 3611 1511 3677 dialecti

236 3721 355 3788 formas
378 3723 411 3786 in
436 3741 546 3788 eorum
569 3722 673 3788 locum
698 3722 911 3802 substituere,
937 3727 1005 3785 tum
1029 3720 1191 3800 scriptura
1214 3716 1421 3784 confirmatur
1438 3737 1511 3784 con·

238 3849 334 3896 sensu
357 3830 496 3896 omniurn
520 3831 664 3896 locorum
687 3830 755 3895 sive
779 3830 864 3912 apud
888 3829 990 3894 solum
1006 3827 1198 3909 Aeschylum
1215 3826 1283 3891 sive
1299 3826 1384 3907 apud
1401 3844 1510 3892 omnes

238 3938 378 4020 tragicos
414 3943 543 4020 poetas;
580 3943 655 4002 sunt
685 3938 823 4019 denique
851 3954 933 4019 quae
963 3935 1113 4017 analogia
1141 3932 1314 4000 defendant
1301 3939 1354 3998 tur
1376 3933 1511 3997 veluto

238 4044 357 4111 vocalis
396 4046 429 4109 in
470 4045 719 4126 compositarum
752 4063 864 4110 vocum
907 4043 1055 4108 iunctura
1096 4046 1294 4130 conservata.
1356 4040 1511 4122 Reliquae

238 4151 359 4217 formae
393 4153 498 4218 minus
533 4158 641 4217 certae
676 4157 760 4219 sunt.
737 4151 927 4216 tTamen
963 4169 1020 4216 eae
1055 4168 1181 4232 quoque
1216 4166 1257 4213 ne
1288 4147 1509 4228 neglegantur,

240 4260 414 4324 cavendum
437 4264 497 4326 est.
536 4259 605 4324 Iam
629 4260 714 4325 euim
736 4259 768 4324 in
785 4263 914 4326 vetusta
933 4258 990 4322 illa
1007 4257 1128 4341 charta,
1154 4257 1204 4322 cui
1221 4253 1379 4320 Timothei
1394 4253 1510 4318 Persas

239 4367 402 4451 debemus
427 4385 558 4432 cernere
580 4367 667 4451 licet,
697 4368 802 4450 qualis
826 4368 859 4433 in
883 4385 1030 4433 sermone
1052 4366 1180 4448 poetico
1204 4365 1290 4430 circa
1312 4381 1341 4427 a.
1366 4362 1431 4426 400
1455 4380 1511 4442 po-

238 4475 339 4539 tuerit
362 4492 432 4541 esse
456 4473 630 4541 formarum
654 4475 896 4542 dialecticarum
924 4475 1045 4558 mixtio,
1074 4472 1115 4541 cf.
1139 4493 1168 4539 v.
1183 4469 1404 4552 Wilamouitz‚
1431 4469 1510 4534 Tim.

238 4599 270 4663 p.
287 4583 330 4646 40
343 4599 391 4666 sq.
