3232 5176
717 279 972 343 ·-24-

229 462 391 530 σισθένσα
415 457 510 543 καρὰ
537 457 576 525 τὸ
607 457 721 542 ἀργόν.
778 459 836 538 Ag.
868 458 951 521 1113
979 454 1094 542 (1067)
1128 455 1214 523 trim.
1272 457 1335 519 νῦν
1370 452 1433 538 γάρ
1469 450 1507 536 ἐξ

229 569 437 652 αἰνιγμάτων
468 573 472 650 l
509 567 771 648 ἐπαργέμοισι
794 563 985 647 θεσφάσοις
1009 563 1182 646 ἀμηχανῶ.
1230 563 1326 628 schol.
1350 567 1425 643 σοῖς
1447 578 1504 625 σν-

230 675 333 760 φλοῖς
368 676 424 740 καὶ
460 673 603 756 ἀσήμοις
647 671 715 737 άπὸ
756 674 827 736 τῶν
864 668 1068 753 λεοκώμασα
1107 670 1255 753 ἐχόντων
1295 667 1504 752 ὀφθαλμῶν.

229 783 373 865 Ghoeph.
412 784 474 846 665
506 782 600 863 (646)
624 782 709 846 trIm.
769 776 875 858 αἰόὼς
908 776 971 860 γάρ
1008 777 1044 842 ἐν
1078 774 1235 861 λέσχησιν
1268 774 1344 843 οὗσ’
1380 775 1507 857 ἐκαρ-

227 891 379 971 γὲμονς
408 888 416 970 l
448 887 571 969 λόγους
593 885 740 969 τίθησιν.
786 885 877 951 codd.
901 882 1081 966 λεχθεῖσιν.
1129 884 1226 951 schol.
1252 883 1289 949 ἐν
1316 887 1392 964 σαῖς
1415 880 1506 964 πρὸς

228 1002 391 1077 γυναῖκας
426 994 582 1077 ὁμιλίαις,
626 991 796 1073 σκοτεινὸς
839 991 907 1056 aab
947 995 1018 1057 σῶν
1059 993 1137 1074 ιιερὶ
1175 991 1256 1072 σοὺς
1295 988 1506 1074 ὀφθαλμοὺς

227 1100 470 1183 λενκωμάνων.
523 1101 713 1182 ἐκάργεμος
742 1102 842 1181 igitur
871 1100 1068 1165 adverbum
1100 1104 1158 1179 est,
1189 1100 1274 1181 quod
1297 1099 1427 1164 inducto
1452 1094 1505 1161 vel

231 1209 357 1275 obiecto
384 1207 518 1290 άργέμῳ
543 1208 688 1273 abditum
712 1213 771 1288 est3
797 1206 957 1290 significat
980 1215 1088 1273 autem
1115 1225 1274 1288 „caecum
1300 1206 1505 1272 obscurum“·

336 1317 418 1395 Quid
443 1313 589 1398 άργεμον
609 1317 661 1396 sit,
686 1316 801 1381 docent
825 1321 956 1396 praeter
980 1315 1102 1381 scholia
1125 1315 1226 1381 allata
1249 1314 1365 1397 reliqui
1390 1313 1467 1378 loci:

335 1424 431 1506 Soph.
448 1423 508 1504 frg.
527 1425 591 1487 212
615 1429 706 1488 metr.
726 1424 786 1487 inc.
813 1423 899 1504 apud
916 1423 1054 1506 Hesych.
1080 1422 1251 1505 ἀργέμων·
1276 1424 1346 1488 σῶν
1371 1420 1408 1485 ἐν
1431 1424 1506 1500 σοῖς

230 1528 431 1613 ὀφθαλμοῖς
446 1528 692 1611 λενκωμάαων·
719 1530 751 1594 οἱ
767 1528 804 1594 cl
821 1527 1040 1612 ὀφθαλμιῶν.
1073 1527 1256 1612 Σοφοκλῆς
1273 1528 1328 1593 ἐπὶ
1347 1525 1503 1608 Ταινάρῳ

229 1640 410 1719 σατυρικῷ.
459 1637 559 1704 Simil.
583 1637 676 1704 Eust.
702 1638 743 1702 ad
765 1637 858 1702 Hom.
884 1655 915 1718 p.
937 1637 1034 1703 1430.
1053 1639 1095 1701 60
1121 1655 1159 1700 ex
1182 1636 1329 1717 Didymo.

334 1745 370 1809 In
395 1745 538 1826 pedestri
556 1745 702 1810 oratione
717 1762 826 1810 vocem
844 1743 976 1809 adhibet
994 1744 1278 1826 Hippocrates,
1302 1762 1373 1822 γον.
1386 1737 1417 1805 α’
1432 1741 1503 1818 105,

228 1852 263 1916 L,
283 1850 370 1916 VIII.
389 1852 452 1915 228
482 1848 570 1932 ιιρὸς
594 1848 754 1933 άργεμον·
790 1851 951 1935 (sequitur
978 1851 1204 1916 medIcamenti
1239 1848 1442 1930 compositIo)
1473 1852 1505 1912 et

230 1963 263 2025 et
285 1980 320 2022 ιι.
338 1958 414 2025 σόει.
431 1959 502 2021 κῶν
517 1979 547 2022 κ.
565 1954 665 2039 άνθρ.
686 1959 736 2038 13,
753 1959 789 2023 L.
803 1959 858 2024 VI.
872 1959 936 2023 302
962 1955 1046 2022 ὅσον
1070 1955 1102 2021 θ’
1123 1954 1269 2038 ἄργεμον
1283 1952 1320 2039 μ’,
1345 1952 1505 2034 δακρύειν

230 2067 279 2147 σῷ
305 2063 481 2146 ὀφθαλμῷ
506 2063 633 2146 (ioppen
663 2063 700 2129 cf.
725 2066 815 2133 Erot.
840 2086 872 2148 p.
890 2069 942 2131 47.
965 2068 1021 2129 11;
1047 2062 1207 2147 ὀργεμον·
1233 2060 1349 2143 πάθος
1373 2079 1405 2126 σι
1427 2060 1505 2142 περὶ

231 2170 312 2252 σοὺς
336 2168 545 2253 ὀφθαλμοὺς
567 2168 850 2254 λεακωμασῶθες·
876 2171 894 2237 ὃ
919 2170 961 2254 ὀὴ
986 2171 1024 2236 ἐκ
1046 2175 1108 2253 σῆς
1123 2170 1365 2253 παρεσομένης
1387 2165 1503 2232 λενκά-

232 2294 335 2359 σηνος
359 2274 559 2358 ὠνομάσθη.
606 2276 727 2342 Eodem
751 2296 847 2344 sensu
870 2297 981 2345 vocem
1011 2278 1140 2344 exhibet
1165 2277 1405 2359 Theophrastus
1429 2275 1504 2339 hist.

232 2383 333 2466 plant.
354 2386 382 2448 7.
402 2386 432 2450 6.
449 2386 479 2464 2,
506 2386 534 2448 9.
554 2385 583 2450 9.
602 2386 632 2466 5,
657 2387 687 2451 9.
707 2388 757 2452 11.
778 2389 828 2466 10,
853 2388 883 2453 9.
905 2387 954 2450 12.
973 2387 1003 2450 3.

340 2491 514 2556 Praeterea
549 2497 599 2556 est
634 2490 652 2555 ὁ
683 2490 828 2574 άργεμος
856 2493 928 2558 alba
951 2493 1078 2558 macula
1111 2493 1145 2557 in
1174 2511 1279 2575 ungue
1315 2491 1399 2572 apud
1423 2489 1504 2555 Poll.

232 2597 273 2662 II.
290 2600 367 2661 146:
392 2595 442 2662 ὦν
466 2596 508 2661 σά
530 2598 594 2680 μὲν
617 2598 685 2664 ὑπὸ
709 2602 758 2682 νῷ
784 2598 877 2682 ὄνυχι
899 2597 1044 2680 κρυπτά,
1073 2596 1116 2662 σά
1140 2597 1172 2663 θ’
1194 2595 1332 2663 ἄνωθεν
1356 2594 1505 2679 άργεμοι.

232 2705 275 2768 nt
298 2703 476 2787 άργεμώνη
501 2724 616 2770 nomen
640 2707 770 2787 plantae
795 2708 900 2772 Diosc.
924 2707 953 2787 2,
971 2708 1046 2771 208.

339 2809 357 2874 ὁ
382 2809 537 2893 άργεμος,
561 2811 600 2876 cd
631 2811 777 2896 ἄργεμον
801 2816 896 2881 ducta
919 2819 995 2881 sunt
1018 2833 1037 2878 a
1060 2815 1163 2895 stirpe
1188 2812 1273 2895 ἀρφ,
1299 2832 1381 2895 quae
1397 2812 1507 2877 album

233 2922 266 2983 et
300 2917 499 2998 perlucidum
534 2919 698 3001 significat
733 2926 766 2987 et
801 2922 885 3003 apud
909 2921 1034 2987 Atticos
1069 2921 1103 2985 in
1130 2921 1242 3002 paucis
1270 2919 1401 2985 vocibus
1431 2937 1506 2984 con-

232 3031 389 3105 servatur,
426 3031 462 3091 ut
495 3027 529 3093 in
560 3026 712 3110 ἐναργής.
759 3028 807 3094 De
836 3029 1027 3094 formatione
1055 3027 1093 3093 cf.
1120 3025 1245 3110 άνεμος
1272 3034 1306 3092 et
1334 3027 1404 3092 sim.
1432 3027 1507 3092 vide

232 3133 298 3198 Leo
322 3133 443 3216 Meyer,
469 3132 522 3199 Gr.
541 3133 718 3216 Etymol.L
739 3155 768 3216 p.
789 3138 862 3200 277.
898 3134 935 3199 In
959 3134 1093 3200 Ionum
1117 3140 1187 3200 arte
1210 3134 1335 3199 medica
1359 3131 1507 3215 άργεμον

233 3247 313 3320 erat,
337 3241 436 3323 ,quod
470 3247 577 3307 aetate
605 3243 785 3308 recentiore
815 3241 976 3324 λεύκωμα
1003 3250 1151 3308 vocatum
1180 3247 1239 3325 est,
1276 3241 1351 3307 alba
1379 3241 1507 3306 macula

233 3348 327 3428 oculi,
353 3366 417 3430 qua
440 3353 512 3414 orta
536 3367 649 3414 caecus
672 3349 710 3416 fit
732 3351 836 3416 homo.
874 3351 967 3416 Unde
991 3350 1077 3431 apud
1101 3347 1292 3430 Aeschylum
1316 3347 1507 3429 ἐκάργεμος

232 3452 403 3520 formatum
423 3460 482 3521 est.
519 3456 717 3538 Quamquam
734 3457 830 3538 plane
845 3458 1040 3540 ignoramus,
1066 3475 1128 3536 quo
1146 3456 1274 3521 nomine
1289 3455 1505 3520 Athenienses

232 3561 322 3626 illum
339 3562 483 3627 morbum
499 3565 693 3640 vocaverim,
718 3568 836 3645 tamen,
861 3565 889 3631 si
913 3564 1040 3629 omnino
1065 3582 1137 3628 eum
1153 3563 1398 3644 nominaverInt,
1422 3563 1506 3629 veri·

235 3668 340 3733 slmile
364 3675 414 3734 est
444 3687 499 3734 eos
527 3689 590 3735 non
619 3671 738 3737 dixisse
767 3669 922 3753 ἄργεμον,
957 3671 1043 3753 quod
1066 3671 1196 3737 Ionibus
1225 3672 1380 3738 usitatum
1404 3670 1505 3737 fuisse

233 3776 451 3857 Hippocrates
475 3776 568 3842 testis
593 3782 651 3843 est.
699 3777 780 3841 Nam
808 3778 887 3843 illud
910 3797 1025 3843 nomen
1048 3779 1213 3843 inventum
1237 3796 1308 3844 esse
1333 3780 1502 3860 credimus,

236 3902 299 3964 quo
316 3883 453 3964 primum
471 3889 617 3964 tempore
640 3901 693 3949 ars
708 3884 832 3949 medica
849 3886 934 3968 apud
951 3890 1046 3952 Iones
1064 3885 1210 3967 effloruit,
1235 3887 1319 3951 unde
1335 3887 1375 3950 iis
1391 3887 1505 3968 primis

238 3991 270 4053 in
294 4009 386 4056 usum
410 3990 573 4074 uolgarem
595 3991 692 4058 venit.

738 4230 998 4299 ΕΥΦΡΟΝΗ.

338 4415 429 4481 Inter
443 4417 570 4486 Ionicos
587 4438 681 4486 voces
697 4421 807 4503 posuit
819 4421 998 4488 Wittekmd
1014 4443 1044 4506 p.
1060 4424 1112 4505 34,
1137 4424 1222 4489 inter
1238 4422 1361 4505 priscas
1378 4423 1504 4490 Atticas

233 4523 438 4606 Rutherlord‚
462 4544 493 4591 n.
517 4526 635 4611 Phryn.
660 4548 692 4610 p.
711 4530 761 4593 13.
