3232 5176
700 315 923 380 -51...

170 493 211 558 11.
237 495 289 559 60.
316 497 346 570 t,
369 494 446 576 Pap.
464 492 570 561 Beroi.
597 492 639 558 II.
666 496 741 559 617.
767 496 797 575 3,
822 493 915 560 Anrh.
940 493 1018 576 Pap.
1043 493 1085 559 ΙΙ.
1113 495 1187 560 119.
1211 496 1242 574 4,
1266 493 1388 576 Fayhnr
1414 493 1450 559 T.

172 602 224 667 58.
251 605 281 683 7,
306 603 336 685 9,
363 602 416 668 59.
442 602 473 682 3,
500 604 529 669 5.
555 601 677 680 Quibus
698 601 777 667 locis
802 606 964 667 textorum
994 601 1154 667 tributum
1178 607 1228 667 est
1251 601 1451 684 aliorumque

170 706 329 792 opificum,
367 707 406 775 11.
433 707 578 776 Grenfell
603 714 636 775 et
658 709 759 789 Hunt,
796 708 917 792 Fayhm
953 715 1055 775 towns
1078 729 1110 793 p.
1139 711 1200 775 187
1238 713 1271 776 11
1293 708 1451 791 Wilcken,

170 824 248 885 ostr.
275 819 331 884 Gr.
355 817 380 900 I,
405 838 437 902 p.
463 819 538 898 321,
563 818 619 901 qui
642 817 830 884 testimonia
852 818 940 885 vocis
965 837 1004 883 ex
1028 817 1173 884 ostracis'
1190 816 1363 901 congessit.

279 927 425 1010 Denique
460 927 618 992 accedunt
653 925 936 1009 grammaticorum
971 926 1169 1006 testimonia,
1205 925 1260 1008 qui
1294 943 1358 990 uno
1397 943 1452 991 ore

170 1053 280 1101 vocem
316 1035 500 1117 repudiant.
547 1034 660 1100 Pollux
687 1034 713 1099 Ι.
747 1036 790 1099 50
817 1032 857 1098 τὸ
891 1032 955 1116 γὰρ
987 1033 1246 1116 χειρογάστορες
1274 1029 1453 1113 Ἑκαταῖος

171 1141 299 1224 λεγέτω
323 1142 381 1207 καὶ
403 1140 442 1206 τὸ
475 1141 703 1224 χειρώνακτες
731 1139 906 1224 Ἡροδότῳ
943 1138 1114 1206 δεόόσθω.
1162 1139 1239 1209 Sim.
1264 1140 1334 1207 VII.
1361 1143 1379 1203 7
1409 1138 1453 1204 τὰ

171 1248 234 1333 γὰρ
260 1299 267 1315 .
294 1301 301 1314 .
324 1247 494 1333 χειρῶναξ
514 1250 570 1314 καὶ
595 1299 603 1315 .
629 1298 636 1315 .
660 1247 765 1332 ἦττον
790 1247 832 1315 ἀν
855 1267 907 1330 τις
929 1255 1101 1332 προσεῖτο.
1148 1248 1267 1332 Phryn.
1292 1247 1325 1313 in
1349 1247 1451 1315 Bekk.

171 1359 283 1423 anecd.
319 1378 351 1441 p.
376 1362 427 1423 72.
457 1359 497 1422 14
529 1355 705 1440 χειρῶναξ·
729 1355 820 1422 πολὺ
854 1357 918 1440 μὲν
952 1356 992 1422 τὸ
1012 1353 1188 1441 χειρῶναξ,
1225 1353 1264 1420 τὸ
1300 1352 1329 1419 δ’
1354 1353 1453 1438 ἔργον

172 1464 234 1547 ούχ
258 1462 371 1545 οὕτως
393 1462 459 1530 κᾶν
482 1462 653 1547 Αἰσχύλος
677 1462 818 1547 ὄόκιμον
841 1468 923 1548 ποιῇ
952 1463 1015 1547 τὴν
1040 1464 1171 1547 φωνήν,
1203 1463 1365 1546 quodvis
1389 1464 1453 1546 sig·

171 1570 282 1639 nificat
303 1570 472 1655 χειρῶναξ
493 1574 634 1639 scribere
658 1573 767 1654 licere,
789 1570 992 1654 χειρωναξία
1008 1576 1116 1637 auteur
1131 1571 1265 1654 vulgare
1289 1589 1371 1654 esse,
1396 1570 1453 1636 sed

170 1682 256 1764 quod
281 1682 362 1746 Poll.
386 1681 425 1747 X.
455 1683 517 1747 180
540 1681 623 1747 dixit
645 1678 757 1763 πολλὴ
781 1679 804 1761 ἡ
825 1681 955 1762 χρῆσις,
992 1683 1028 1745 11
1051 1697 1162 1745 vocem
1191 1677 1357 1760 vulgarem
1382 1695 1453 1744 esse

172 1790 304 1872 indicet,
328 1790 415 1856 idem
438 1789 526 1855 valet
548 1787 588 1853 τὸ
612 1787 703 1853 τιολύ
726 1788 799 1870 μέν.

277 1898 346 1962 Iarn
369 1897 479 1962 videre
513 1896 590 1962 licet
610 1893 780 1979 χειρῶναξ
800 1895 934 1977 1111111
970 1894 1118 1959 (11111111
1145 1892 1179 1958 11
1210 1911 1270 1959 111
1293 1891 1394 1959 fuisse
1418 1900 1453 1960 11

169 2005 256 2087 apud
279 2004 375 2071 Iones
410 2004 500 2071 etin
528 2003 698 2086 tragoedia
733 2007 766 2069 et
789 2004 821 2067 in
847 2002 1006 2067 communi
1041 2001 1163 2086 lingua,
1198 2000 1452 2068 Atheniensibus

136 2190 140 2203 Ι
169 2131 246 2179 vero
272 2112 443 2194 postisque
467 2111 699 2178 vetustioribus
723 2129 786 2177 non
810 2110 914 2177 solum
937 2111 1050 2192 ignota
1074 2114 1133 2188 est,
1165 2108 1224 2175 sed
1247 2127 1288 2174 ne
1310 2127 1452 2192 unquam

170 2220 301 2303 quidem
323 2219 389 2285 illis
424 2220 457 2284 in
481 2239 542 2285 usu
564 2218 665 2285 fuisse
689 2237 727 2284 11
753 2218 991 2301 comprobatur,
1027 2217 1113 2299 quod
1142 2216 1258 2299 tragici
1283 2222 1451 2282 1111111-

169 2328 269 2394 tiores
287 2328 463 2409 scriptores
479 2346 589 2394 vocem
605 2346 669 2393 non
689 2326 851 2408 exhibent,
876 2327 940 2393 nisi
957 2327 1068 2392 eodem
1092 2344 1190 2392 sensu
1205 2325 1301 2408 plane
1318 2325 1449 2409 detrito,

171 2453 265 2517 quem
301 2436 387 2517 apud
412 2435 506 2500 Iones
541 2440 722 2517 acceperat.
769 2431 982 2516 *χειρο-ανοξ
1002 2433 1088 2500 enirn
1113 2433 1153 2498 ab
1177 2433 1304 2516 origine
1330 2437 1381 2499 est
1409 2432 1449 2509 is,

170 2542 224 2626 qui
248 2560 400 2608 manuum
424 2559 554 2607 suarum
572 2560 702 2624 compos
727 2545 788 2624 est,
812 2546 989 2623 usurpatur
1005 2545 1114 2607 autem
1140 2541 1180 2608 de
1204 2559 1253 2622 eo,
1279 2559 1374 2622 quern
1390 2558 1450 2606 nos

170 2650 305 2715 dicimus
322 2649 597 2729 ,Handwerker“.
646 2653 691 2717 Ac
715 2667 755 2715 ne
780 2650 851 2732 qais
868 2648 1006 2715 miretur
1022 2648 1181 2715 medicum
1205 2647 1448 2730 111111χ1ιρῶ-

168 2775 286 2839 νακτα,
310 2775 434 2823 memor
457 2757 502 2824 sit
522 2758 745 2840 χειρουργίας,
770 2776 833 2839 111
849 2757 979 2823 nornine
995 2761 1105 2823 aetate
1128 2751 1309 2824 recentiore
1336 2757 1449 2822 eadem

170 2885 223 2932 ars
248 2870 346 2931 antea
366 2861 569 2947 χειρωναξία
593 2863 759 2947 appellata
782 2871 898 2932 vocata
922 2871 981 2931 est.

275 2973 418 3054 Accedit,
455 2973 540 3055 quod
568 2970 695 3037 forma
728 2972 815 3038 vocis
850 2973 960 3038 Attica
994 2991 1058 3039 non
1093 2972 1223 3040 videtur
1258 2991 1339 3054 esse,
1375 2991 1449 3038 narn

168 3079 386 3176 *perpofdoag
404 3103 429 3170 p
451 3080 584 3163 expulso
609 3085 808 3147 contractum
834 3081 940 3146 estin
962 3078 1139 3163 χειρῶναξ,
1164 3079 1202 3147 cf.
1230 3079 1449 3161 Kretschmer,

168 3189 397 3258 Vaseninschr.
437 3209 468 3271 p.
496 3190 613 3270 14311.
660 3188 749 3253 velut
787 3187 1002 3254 Athenienses
1043 3187 1303 3270 pronuntiabant
1338 3187 1448 3271 χοάνη

167 3297 224 3382 *χο
225 3301 326 3393 μάνη,
351 3301 446 3364 11111
467 3295 575 3379 χῶνη,
599 3295 672 3362 vide
697 3295 828 3378 Moeris,
853 3315 884 3377 p.
914 3297 971 3360 101
997 3295 1094 3378 χῶνη
1124 3293 1325 3381 Ἑλληνιστί.

692 3559 925 3631 ΑΡΧΗΘΕΝ.

285 3739 322 3804 cf.
349 3742 505 3808 Wtehind
529 3763 560 3826 p.
587 3745 639 3824 50,
664 3742 863 3809 Ruthcnford
887 3763 918 3809 n.
943 3743 1062 3826 Phryn.
1087 3763 1117 3825 p.
1146 3747 1183 3809 21
1213 3749 1247 3812 11
1274 3748 1347 3811 177.

274 3846 387 3915 Aesch.
411 3848 473 3932 frg.
500 3853 574 3931 416,
611 3850 762 3917 haustum
797 3869 1026 3933 1111ναγωχ.
1059 3849 1125 3933 λέξ.
1154 3873 1249 3935 χρης.
1285 3853 1319 3919 11
1342 3852 1444 3919 Bekk.

166 3955 275 4018 anecd.
311 3974 342 4037 p.
368 3958 489 4021 450.4
526 3956 708 4040 ἀρχῆθεν
732 3957 795 4024 οὐκ
819 3957 889 4024 ἔστι
923 3957 1019 4042 παρὰ
1054 3963 1128 4040 τοῖς
1156 3957 1319 4040 Ἀττικοῖς
1353 3957 1445 4042 πλὴν

164 4058 252 4142 παρ’
269 4060 438 4146 Αἰσχύλῳ·
473 4063 561 4148 παρ’
589 4062 763 4148 Ἡροδότῳ
800 4063 837 4130 δὲ
866 4065 935 4131 ἔστι
969 4067 1027 4132 καὶ
1060 4071 1134 4147 τοῖς
1168 4063 1267 4131 Ἴωσι.
1312 4067 1445 4135 Accedit

164 4168 334 4251 Sophoclis
369 4171 430 4255 frg.
459 4174 569 4239 ltass
606 4175 692 4239 trim.
718 4174 958 4257 apudHesych.
984 4194 1009 4240 s.
1026 4194 1054 4241 v.
1080 4173 1237 4255 cooperor
1260 4174 1354 4240 vaide
1376 4194 1446 4241 cor·
1504 4191 1507 4195 ’

167 4283 299 4359 ruptum
322 4276 479 4361 βρότειον
503 4277 695 4364 ἀρχῆθεν
718 4282 826 4364 γέρας.
873 4281 1070 4365 ceteroquin
1105 4300 1165 4347 vox
1189 4283 1276 4364 apud
1300 4283 1444 4351 Atticum

164 4404 269 4468 neque
303 4394 431 4468 poetam
467 4408 526 4457 nec
561 4408 669 4454 rerum
704 4389 895 4471 scriptorem
928 4408 1033 4472 neque
1068 4395 1230 4455 oratorem
1268 4391 1442 4472 reperitur.

164 4492 285 4560 Contra
308 4495 479 4578 Pindarus,
504 4496 654 4579 Aeschyli
678 4498 835 4580 aequalis,
861 4517 899 4563 ea
922 4499 1027 4563 utitur
1052 4496 1183 4580 01111,
1209 4498 1251 4561 55
1280 4497 1444 4578 πρόγονοι

164 4599 318 4684 ἀρχᾶθεν
359 4600 596 4684 Ἰαπετιονίδος
639 4603 774 4687 φύτλας
815 4608 947 4688 acopon
1004 4605 1116 4672 Isthm.
1142 4605 1199 4672 ΠΙ.
1238 4608 1279 4670 25
1315 4605 1443 4691 (17.7)

1231 4710 1265 4767 4*
