3232 5176
627 276 847 340 „31..

91 452 252 534 παιδείας
285 452 432 535 opponit:
469 452 567 535 ὑμεῖς
594 451 632 517 δὲ
661 452 865 535 εὐσχήμονές
893 468 981 532 τινες
1008 451 1255 533 προσποιεῖσθε
1282 453 1368 519 εἱναι

91 562 153 626 καί
174 562 464 644 περιφρονοῦντες
488 561 649 641 ἱστορίᾳ
671 557 732 624 τὸν
755 557 875 644 δῆμον,
899 560 954 626 ubi
975 580 1036 626 vox
1051 558 1119 627 lere
1135 562 1368 642 „oruditi0nis“

95 686 227 736 sensum
252 668 387 751 accepit.

202 777 340 842 Restant
369 792 473 858 pauca
507 779 639 842 nostrae
668 775 779 858 stirpis
809 776 968 843 derivata:
1004 776 1112 856 Plato,
1149 774 1245 858 Soph.
1272 777 1369 841 2678

98 880 195 965 ὅμως
218 880 256 948 δέ
279 880 343 948 κᾶν
366 881 395 946 εἱ
406 880 659 964 τολμηρότερον
683 879 841 965 είρησιὶαι
864 880 1079 964 διαγνώσεως
1102 880 1200 947 ἕνεκα
1222 882 1286 965 την
1307 883 1371 966 μέν

95 989 183 1072 μετὰ
208 988 309 1073 δόξης
329 991 472 1071 μίμησιν
495 986 757 1071 ὄοξομιμητικίην
779 992 1028 1072 προσείπωμεν,
1052 990 1115 1072 την
1131 987 1169 1054 δὲ
1191 995 1268 1072 μετ’
1286 989 1369 1055 ἐπι-

97 1097 255 1180 στήμης
283 1096 491 1179 ἱστορικήν
519 1114 595 1160 τινα
622 1098 773 1179 μίμησιν.
821 1098 881 1177 Qui
906 1098 1094 1180 ἐπιστήμην
1117 1098 1231 1180 habet,
1265 1097 1369 1181 ἵστωρ

98 1210 158 1282 est,
188 1207 329 1286 μίμησις
356 1203 456 1285 igitur
478 1207 555 1284 μετ’
581 1202 767 1286 ἐπιστήμης
791 1205 940 1287 ἱστορικη
964 1211 1104 1271 vocatur.
1152 1205 1249 1271 Notio
1274 1224 1372 1287 quae·

99 1311 193 1376 rendi
216 1311 249 1374 in
274 1311 334 1375 hac
357 1329 401 1376 sc.
426 1311 534 1374 Attica
557 1328 634 1376 voce
663 1330 736 1376 non
760 1312 854 1376 inest.
902 1311 1054 1392 Hippocr.
1080 1330 1115 1378 π.
1140 1332 1233 1378 νοοσ.
1259 1309 1295 1375 δ’
1319 1314 1370 1391 56,

99 1418 135 1484 L.
150 1417 222 1483 Vll.
242 1419 306 1482 606
342 1415 429 1498 λέγω
465 1415 502 1481 δέ
537 1416 741 1499 ἱστόριαῑ),
778 1415 829 1482 ὅτι
852 1417 891 1483 τὸ
915 1417 1023 1483 ποτὸν
1048 1418 1087 1484 οὐ
1109 1420 1230 1502 χωρέει
1254 1418 1289 1499 ἐς
1311 1417 1372 1484 τὸν

98 1522 276 1606 πλεύμονα
397 1525 454 1589 καί
487 1521 524 1587 ἓν
546 1523 610 1607 μέν
638 1528 739 1589 τοῦτο
771 1525 953 1607 ἱστόριόν
977 1526 1067 1592 ε’στιν
1090 1525 1160 1593 κτλ.
1196 1528 1265 1594 sim.
1295 1527 1371 1594 ibid.

98 1651 130 1714 p.
150 1634 213 1697 608
237 1633 377 1715 saepius,
401 1653 436 1696 π.
459 1634 562 1713 γονης
588 1634 615 1715 l,
641 1633 671 1712 8,
698 1634 748 1714 13,
774 1634 808 1699 L.
826 1633 896 1701 VII.
914 1636 988 1715 470,
1013 1637 1088 1718 482,
1114 1637 1188 1714 492,
1219 1653 1254 1699 π.
1279 1632 1371 1701 παιό.

101 1739 249 1821 poam,
273 1739 308 1804 L.
323 1738 392 1806 VII.
411 1741 473 1803 502
492 1744 526 1804 et
543 1741 615 1804 504.
663 1739 811 1821 ἱστόριον
835 1743 1102 1819 ,documentum“
1128 1749 1178 1808 est
1200 1742 1372 1808 formatum

99 1847 245 1928 nstirpe
270 1846 375 1928 ἵστωρ
402 1846 548 1927 „testis“.
595 1846 637 1910 Et
671 1866 785 1912 revera
820 1868 890 1913 cum
924 1849 984 1914 hac
1013 1868 1088 1915 voce
1118 1851 1371 1932 coniungendum

101 1959 155 2019 est
182 1954 319 2020 alterum
348 1954 427 2018 illud
457 1954 603 2036 ἱστορεῖν
629 1954 816 2036 „probare“.
866 1957 934 2022 VII.
957 1959 1020 2022 504
1045 1957 1233 2039 ἱστορέουσι
1262 1958 1374 2023 eadem

100 2062 228 2127 ratione
252 2062 392 2143 ponitur,
417 2067 454 2127 ut
476 2062 508 2126 in
534 2063 644 2127 eadem
661 2063 780 2144 pagina
796 2064 944 2146 ἱστόριον
960 2062 994 2129 δ’
1012 2063 1092 2131 έστι.
1124 2065 1200 2132 Sim.
1213 2054 1338 2131 villos
1344 2066 1372 2131 8.

99 2168 207 2234 Etiam
242 2169 312 2234 loco
347 2169 443 2234 dubio
472 2189 613 2251 παραγη.
634 2171 674 2234 12
704 2169 918 2253 ἀπαρνέομαι
944 2171 1007 2254 γὰρ
1036 2174 1083 2253 είς
1106 2178 1227 2256 χρῆσιν
1256 2172 1373 2254 ἑτέρην

103 2273 309 2358 φιλοπονίην
335 2273 421 2357 μετὰ
448 2274 558 2339 πόνον
588 2276 828 2361 ἱστορεομένην
855 2280 1138 2362 „comprobatam“
1169 2281 1266 2347 verbo
1290 2279 1373 2344 hunc

100 2400 230 2448 sensum
254 2382 360 2449 inesse
384 2383 579 2448 arbitramur
603 2382 653 2466 (cl.
681 2403 779 2465 supra
797 2405 829 2468 p.
848 2388 912 2463 28).

208 2490 245 2555 In
279 2491 390 2573 lingua
419 2492 576 2556 communi
606 2491 757 2573 ἱστορέω,
796 2491 926 2572 ἱστορία
954 2489 1006 2573 (cf.
1036 2491 1150 2556 Latine
1182 2489 1373 2571 „historiall

101 2598 189 2678 apud
228 2599 402 2681 scriptores
440 2597 702 2681 frequentissima
737 2603 820 2666 sunt.
878 2598 1001 2663 Partim
1037 2617 1150 2664 sensus
1186 2599 1373 2681 quaerendi,

102 2705 326 2787 interrogandi
351 2713 568 2788 conservatur,
593 2708 710 2788 partim
734 2705 830 2788 plane
854 2723 952 2770 novus
978 2706 1111 2787 accedit,
1137 2723 1208 2772 cum
1232 2705 1374 2786 ἱστορέω

104 2811 266 2894 significet
290 2817 439 2895 „narro“,
472 2815 602 2896 ἱστορία
630 2813 824 2895 „narratio“‚
856 2832 938 2894 quae
962 2815 1097 2879 mutatlo
1122 2813 1279 2896 quomodo
1304 2818 1375 2878 orta

106 2922 160 3001 sit,
184 2920 271 2986 haud
293 2920 387 2986 facile
411 2921 598 3003 explicatur.
633 2921 785 2986 Fortasse
808 2920 888 2986 haec
905 2921 991 2987 vocis
1016 2919 1208 3002 significatio
1231 2919 1376 3002 profecta

105 3031 157 3092 est
191 3044 210 3091 a
244 3029 376 3094 notione
414 3029 624 3111 „probandi“,
661 3033 696 3092 ut
728 3029 837 3093 multis
866 3029 960 3112 lociS,
995 3029 1050 3094 ubi
1079 3030 1201 3095 Graece
1230 3029 1376 3110 ἱστορεῖν

105 3134 262 3217 scriptum
287 3141 353 3217 est,
377 3142 485 3218 potest
508 3136 591 3202 verti
616 3140 752 3216 „testem
777 3141 878 3201 esse“.
927 3136 1073 3218 ἱστορεῖν
1102 3137 1277 3217 „narrare“
1312 3135 1376 3199 iam

106 3242 299 3309 Aristoteles
323 3243 451 3309 exhibet
474 3264 504 3326 p.
530 3243 623 3308 8186
648 3244 688 3308 28
715 3241 763 3323 ὡς
787 3241 805 3306 ὁ
828 3240 1001 3324 Ἄννωνος
1023 3241 1210 3325 περίπλοος
1240 3243 1376 3322 ἱστορεῖ,

105 3352 176 3416 sim.
194 3351 235 3417 al.
261 3351 302 3417 Et
314 3351 444 3434 ἱστορία
460 3352 648 3433 „narrati0“
665 3351 748 3416 rhet.
766 3347 798 3414 α’
812 3370 843 3432 p.
861 3352 970 3415 136οε
984 3353 1024 3416 37
1042 3350 1082 3416 al.
1097 3349 1135 3417 cf.
1149 3350 1213 3416 ind.
1226 3348 1375 3413 BonItzii.

105 3456 259 3540 Polybius
295 3458 349 3540 (cf.
379 3459 443 3524 ind.
473 3457 762 3540 Schweignauseri,
798 3463 873 3524 tom.
904 3457 991 3523 VIII.
1015 3454 1048 3542 2)
1073 3457 1203 3523 exhibet
1231 3457 1376 3537 ἱστορεῖν

107 3565 315 3646 „inquirerc“
339 3568 369 3630 9.
386 3568 435 3632 14.
453 3567 484 3646 3,
501 3566 552 3646 al,
577 3565 794 3648 „explorando
820 3567 1034 3646 cognoscere“
1051 3566 1080 3629 3.
1098 3567 1150 3633 38.
1169 3566 1197 3647 2,
1215 3565 1267 3645 al,
1285 3582 1377 3645 „uar-

106 3673 203 3737 raro“
228 3675 257 3737 4.
276 3676 366 3739 4ἱ.2
391 3673 433 3738 al.
480 3673 636 3739 Similiter
658 3675 744 3755 apud
766 3673 973 3738 Plutarchum
997 3678 1030 3739 et
1064 3673 1184 3739 similes
1219 3677 1376 3738 auctores.
1409 3743 1413 3749 ⁴

214 3778 282 3843 Iam
307 3779 444 3845 calculos
469 3781 690 3847 subducamus.
723 3780 837 3847 (locati
853 3799 961 3847 sumus
979 3781 1199 3848 demonstrare
1214 3780 1378 3845 notionem

108 3887 284 3967 quaerendi
320 3887 360 3952 ab
394 3888 466 3970 ipsa
502 3887 605 3970 stirpe
640 3888 779 3955 alienam
807 3890 839 3954 in
867 3889 907 3955 iis
937 3889 1091 3956 derivatis
1120 3889 1196 3954 solis
1226 3886 1377 3968 conspici,

109 4011 192 4074 quae
227 3994 357 4060 Ionibus
395 3994 573 4077 peculiaria
606 3995 706 4063 fuisse
745 3997 938 4063 testimoniis
977 3997 1138 4080 congestis
1176 3995 1256 4061 satIs
1295 4012 1378 4059 com-

107 4101 278 4183 probatur:
311 4102 463 4184 ἱστορέω,
493 4105 632 4186 ἱστορία,
662 4125 744 4188 qnae
767 4124 836 4187 von,
868 4105 922 4170 ubi
947 4106 1033 4186 apud
1056 4105 1181 4171 Atticos
1205 4103 1378 4183 scriptores

107 4208 197 4274 velut
226 4210 474 4277 Demosthenem
502 4212 693 4279 Aeschinem
726 4213 856 4296 legitur,
892 4213 933 4278 ab
961 4211 1091 4279 Ionibus
1125 4216 1273 4277 mutuata
1308 4228 1379 4276 ossa

191 4545 197 4562 Ι
216 4463 240 4533 1)
258 4459 340 4531 Apud
351 4460 468 4532 Hesych.
488 4463 603 4533 ἱστορία·
623 4467 758 4535 μαρτυρία
776 4463 822 4516 καί
839 4459 871 4516 τὰ
889 4459 969 4534 ὅμοια
987 4460 1045 4516 sine
1064 4460 1147 4516 dubio
1160 4461 1241 4520 scrib.
1262 4456 1379 4532 ἱστόρια·

107 4569 245 4624 μαρτνρια
263 4571 287 4605 κ.
299 4572 321 4607 τ.
336 4550 356 4607 ὅ.
