3232 5176
687 301 905 368 ..28-

164 477 229 564 ἔχει
254 478 271 544 ὁ
288 477 438 560 Νεῖλος.
457 528 464 545 .
485 529 493 544 .
518 479 617 546 simil.
634 481 691 547 111.
711 482 763 558 51,
788 484 829 546 77
846 482 905 562 bis,
922 480 992 549 VH.
1014 483 1076 546 195
1092 481 1309 569 (ἐξιστορέω).
1339 488 1434 568 Apud

163 588 305 669 reliquos
321 588 446 654 Ionicos
463 588 637 669 scriptores
652 588 733 655 haec
749 591 934 657 testimonia
951 594 1076 656 extant:
1098 592 1275 660 Democrit.
1292 593 1353 677 lrg.
1371 598 1433 660 199

164 702 346 776 suspectum
360 695 481 760 Dielsio
495 696 692 778 ἱστορέων
708 695 750 761 τὰ
765 698 920 780 μήκιστα.
944 697 1097 780 Hippocr.
1112 719 1254 782 παραγ).
1269 703 1319 786 13,
1336 702 1434 768 LIX.

65 789 71 801 ⁴
165 804 229 867 270
252 804 303 881 τίς
326 800 388 884 γὰρ
411 799 575 884 ε’πιάνμεῖ
588 801 768 884 δογμάτων
791 803 1012 888 πολεσχιάίην
1036 804 1206 888 ἀτρεκέως
1230 809 1436 892 ἱστορέειν

163 910 205 997 (ν.
229 911 250 975 l.
276 911 454 994 ἱστορίειν).
490 911 567 977 ibid.
586 914 615 996 2,
639 931 671 994 p.
692 914 756 978 254
772 915 851 994 παρ’
869 911 1033 977 ἰδιωτέων
1057 914 1270 995 ἱστορέειν.
1307 917 1385 982 ibid.
1404 919 1436 994 8,

164 1039 195 1101 p.
214 1020 277 1082 262
302 1019 517 1100 ἱστορήσαι
539 1017 582 1083 τὰ
605 1021 682 1101 περὶ
705 1019 766 1084 τὸν
788 1020 968 1100 νοσέοντα,·
992 1026 1024 1086 et
1047 1025 1098 1087 ter
1121 1020 1155 1086 in
1172 1023 1332 1103 epistulis.
1357 1025 1435 1090 item

165 1124 313 1210 [Herod]
337 1126 370 1190 in
394 1127 461 1191 vita
484 1125 577 1191 Hom.
598 1129 625 1211 1,
652 1130 680 1207 6,
706 1131 736 1208 7,
762 1129 813 1192 21.

270 1234 373 1301 Sensn
395 1234 490 1314 plane
526 1235 652 1300 diverso
677 1234 819 1317 ἱστορέω
843 1235 929 1315 apud
949 1233 1184 1316 Hippocratem
1214 1241 1264 1302 ter
1287 1237 1434 1318 legimns.

163 1364 199 1408 π.
223 1357 317 1407 νονσ.
342 1337 372 1404 d'
394 1342 452 1420 48,
487 1340 618 1406 LVII.
642 1343 705 1407 578
729 1342 785 1406 καί
820 1344 928 1406 ταῦτα
962 1346 1096 1424 τριταῐα
1132 1342 1233 1407 ἐόντα
1258 1345 1436 1426 ἱστορέει

165 1447 362 1531 ἀλλήλοισιν
384 1445 437 1512 ὅτι
460 1446 571 1528 οὕτως
595 1446 669 1532 ἔχει.
706 1456 760 1529 „et
782 1449 862 1515 haec
885 1450 994 1514 tridua
1017 1450 1103 1515 inter
1123 1469 1158 1515 se
1182 1451 1353 1531 probant
1391 1454 1436 1518 sic

164 1576 199 1622 se
233 1556 385 1620 habere“.
445 1554 482 1619 cf.
506 1557 642 1638 Hesych.
668 1557 806 1638 ἱστορεῖ·
842 1562 1011 1638 μαρτυρεῖ
1042 1554 1112 1624 κτλ.
1159 1579 1194 1623 π.
1231 1557 1323 1624 παιὸ.
1356 1560 1434 1642 prio.

168 1664 222 1744 18,
258 1663 293 1727 L.
318 1662 387 1728 VIL
414 1664 478 1728 504
515 1662 750 1747 ἱστορέουσι
783 1663 845 1745 γάρ
881 1664 916 1727 αἱ
951 1660 1144 1746 ἀμβλώσιες
1182 1669 1253 1730 τῶν
1290 1665 1437 1732 παιδίων

165 1771 221 1834 καί
259 1773 329 1835 τῶν
367 1768 493 1852 λοχίων
532 1772 567 1835 αἱ
604 1768 799 1853 καθάρσιες.
857 1771 1008 1835 Fortasse
1053 1772 1137 1836 idem
1181 1791 1293 1837 sensus
1337 1776 1435 1840 verbo

165 1879 249 1944 inest
265 1878 334 1944 loco
353 1878 488 1944 obscuro
504 1897 646 1960 παραγ).
667 1880 717 1959 12,
742 1879 777 1944 L.
795 1878 850 1946 IX.
868 1879 931 1942 268
949 1876 1161 1959 ἀπαρνέομαι
1175 1876 1238 1961 γὰρ
1255 1880 1304 1960 είς
1315 1885 1436 1964 χρῆσιν

57 2071 60 2079 .
166 1983 283 2066 ἑτέρην
320 1982 524 2067 φιλοπονίην
557 1983 643 2066 μετὰ
676 1985 787 2051 πόνον
815 1985 1151 2067 ἱστοριευμένην,
1192 1984 1244 2051 διὸ
1280 1987 1316 2052 έν
1354 1989 1437 2055 ἑωυ-

165 2095 207 2173 τῇ
241 2092 352 2174 μούνη
387 2091 516 2174 αἵρεσιν
539 2091 663 2157 έοῦσαν
686 2093 805 2178 (notre
829 2091 985 2173 ἔχουσαν)
1008 2092 1200 2173 χαρίεσσαν.
1247 2095 1307 2162 His
1331 2097 1436 2164 tribus

166 2198 205 2263 de
228 2197 317 2279 loric,
341 2198 499 2280 imprimis
523 2200 562 2265 dc
585 2200 698 2265 ultimo
722 2199 762 2265 cl.
786 2198 881 2280 infra,
905 2199 959 2265 ubi
976 2200 1016 2265 de
1032 2218 1110 2266 voce
1127 2201 1276 2284 ἱστόριον
1300 2204 1435 2285 agimus.

269 2304 435 2371 Accedunt
459 2307 520 2372 duo
544 2307 740 2388 testimonia,
771 2326 853 2389 quae
877 2306 1010 2372 verbum
1034 2308 1132 2372 etiam
1155 2308 1268 2373 Doridi
1293 2310 1433 2376 dialecto

165 2412 329 2479 vindicare
352 2413 513 2479 videntur.
553 2413 730 2481 Obscurum
748 2421 797 2481 est
820 2413 1005 2494 Epicharmi
1029 2413 1140 2494 fragm.
1160 2415 1202 2479 86
1227 2415 1371 2498 (Kaibel)
1395 2436 1434 2481 ex

163 2520 321 2618 Hesyclrio
356 2521 520 2586 haustum:
572 2520 716 2603 Φρύγιον
752 2520 984 2602 ἱστόρησαν·
1028 2520 1191 2603 πέπαιχεν
1231 2519 1436 2605 Ἐπίχαρμος

165 2627 200 2692 ἑν
236 2624 445 2709 Κωμασταῖς
479 2627 735 2711 έπικενώμενος.
795 2629 832 2693 Id
865 2628 1077 2709 Phrygiorum
1112 2648 1226 2694 nomen
1263 2631 1435 2696 ostendere

46 2799 49 2806 ,
163 2736 290 2801 videtur
323 2735 530 2816 proverbium
570 2755 609 2800 ex
647 2737 770 2801 oriente
807 2734 961 2800 Graeciae
997 2740 1091 2816 parte
1123 2737 1316 2802 translatum
1353 2757 1435 2804 esse.

165 2841 260 2907 Certe
290 2843 496 2924 incorruptae
530 2843 659 2908 Doridis
695 2842 913 2909 testimonium
947 2841 1027 2906 baec
1050 2842 1148 2907 verba
1175 2862 1240 2910 non
1267 2845 1435 2925 praebent.

165 2951 274 3033 Aeque
297 2969 350 3015 res
374 2968 409 3016 se
432 2937 530 3016 babet
552 2951 586 3014 in
609 2949 731 3015 lamina
753 2950 903 3031 plumbea
919 2949 1073 3016 Dodonae
1096 2957 1237 3032 reperta,
1262 2970 1344 3032 quae
1368 2957 1436 3019 tres

164 3059 389 3140 inscriptiones
404 3058 550 3140 praebet,
567 3056 642 3122 o-B.
669 3057 709 3121 Π.
730 3059 811 3122 1561
826 3056 935 3122 A-G.
975 3058 1083 3124 Media
1099 3057 1178 3123 haec
1194 3065 1257 3123 est:
1283 3058 1440 3140 ἱστορεῖ

164 3162 425 3248 Νικοκράτ[εια]
447 3166 511 3228 τίνι
534 3161 629 3251 θεῶν
652 3162 788 3229 κλύουσα
811 3161 919 3236 λώϊον
941 3164 997 3229 καί
1029 3161 1168 3246 ἄμεινον
1201 3164 1348 3245 πράσσοι
1381 3167 1438 3230 καὶ

165 3276 228 3353 τᾶς
250 3272 355 3338 νόσον
378 3271 584 3358 παύσα(ι)το.
639 3273 691 3338 Βε
715 3277 823 3338 aetate
846 3271 1066 3354 inscriptionis
1098 3271 1177 3336 nibil
1205 3277 1341 3337 constat.
1387 3272 1437 3337 Ne

165 3379 217 3444 hic
241 3380 369 3462 quidem
393 3379 507 3445 titulus
531 3378 682 3445 Doricam
706 3379 878 3445 dialectum
901 3379 1122 3460 incorruptam
1145 3380 1288 3459 praebet.
1338 3380 1438 3445 Tituli

167 3488 260 3560 satis¹
281 3491 427 3554 recentes
462 3487 611 3553 videntur
647 3505 732 3565 esse,
773 3491 808 3552 ut
840 3486 1015 3552 verisimile
1049 3486 1093 3550 sit
1127 3485 1269 3567 ἱστορέω
1304 3487 1436 3552 κοτίνοιο

166 3594 293 3659 illatum
316 3613 386 3660 esse
411 3613 450 3660 ex
472 3594 583 3676 lingua
607 3594 764 3660 communi
787 3595 834 3678 (ut
858 3590 976 3673 ὁέλτος
996 3593 1029 3659 in
1046 3596 1240 3658 testamento
1257 3593 1437 3678 Epictetae‚

166 3703 278 3786 ρ.14),
303 3702 359 3767 ubi
382 3702 513 3767 verbum
537 3700 830 3784 frequentissimum
852 3699 952 3765 fuisse
974 3699 1165 3766 videbimus.

273 3810 367 3892 Apud
390 3810 556 3892 tragicos
580 3817 714 3890 poetas
739 3808 881 3889 ἱστορέω
904 3805 1055 3889 frequens
1080 3813 1129 3872 est
1154 3812 1187 3873 et
1207 3807 1327 3890 ubique
1343 3827 1440 3875 sensu

167 3918 352 3983 Herodoteo
376 3922 565 3998 usurpatur;
589 3917 708 3997 legitur
732 3920 839 3980 autern
862 3915 894 3979 in
920 3914 987 3980 solo
1005 3914 1163 3981 diverbio:
1187 3915 1301 3980 Aescb.
1347 3916 1437 3982 Pers.

169 4029 233 4092 454
250 4025 343 4114 (452)
377 4027 492 4104 κακῶς
526 4021 565 4088 τὸ
599 4021 726 4105 μέλλον
761 4024 946 4104 ἱστορῶν.
1005 4021 1092 4103 Sept.
1119 4019 1440 4108 condamnetur

168 4133 428 4216 ἐξιστορῆσαι
449 4134 584 4213 μοῖραν.
636 4131 741 4196 Prom.
756 4132 819 4196 632
838 4127 939 4216 (631).
973 4127 1036 4211 τήν
1051 4128 1154 4213 τήσὸε
1169 4133 1308 4211 πρῶτον
1332 4130 1439 4194 ἱστο-

170 4240 349 4323 ρήσομεν
372 4238 486 4305 νόσον.
544 4237 648 4304 Prom.
665 4240 729 4302 963
752 4236 844 4325 (962)
868 4257 938 4304 cum
972 4244 1111 4305 accusat.
1147 4256 1232 4320 pers.
1281 4235 1331 4301 ὧν
1355 4236 1439 4302 ἀνι-

170 4352 330 4429 στορεῖς
367 4347 435 4431 έμέ.
492 4347 552 4430 Ag.
577 4349 640 4412 676
669 4345 760 4432 (654)
796 4345 891 4426 ἀκτίς
924 4343 1022 4428 ήλίον
1045 4367 1099 4411 νιν
1130 4346 1287 4427 ἱστορεῖ
1319 4343 1441 4429 (Mene-

169 4455 269 4536 laum)
291 4457 296 4541 )
316 4456 372 4521 καί
396 4455 507 4538 ζῶντα
530 4455 587 4520 καί
608 4453 789 4539 βλέποντα.
825 4453 966 4536 Ghoeph.
985 4456 1048 4519 678
1065 4451 1157 4541 (659)
1174 4449 1441 4534 ἐξιστορήσας

170 4563 226 4628 καί
250 4564 441 4647 σαφηνίσας
465 4561 556 4628 ὁδόν.
604 4562 700 4645 Soph.
725 4561 775 4626 El.
792 4562 856 4627 316
882 4561 930 4642 ὡς
952 4564 1015 4626 νῦν
1040 4559 1190 4641 ἀπόντος
1213 4558 1384 4642 ἱστόρει,
1409 4560 1443 4624 τί
