3232 5176
697 257 911 322 ..53-

170 433 277 513 simus,
304 439 340 499 ut
363 451 477 500 sensus
502 435 588 502 vocis
623 435 705 502 bene
734 436 944 519 percipiatur.
992 457 1028 504 π.
1059 436 1157 521 καρὰ.
1186 441 1240 523 19,
1260 439 1295 506 L.
1321 441 1377 507 IX.
1402 437 1445 507 90

170 537 242 606 ἀλλ’
268 538 438 621 ἀνοίγεται
455 540 603 625 (arteria)
619 542 683 625 μέν
706 542 742 624 ἐς
756 545 943 627 πνεύμονα,
969 545 1018 626 ὡς
1035 545 1120 629 αἷμα
1136 552 1326 630 παρασχεῖν
1351 547 1445 630 αὐτῷ

169 646 204 728 ές
226 646 290 730 τὴν
312 648 457 730 τροφην·
482 646 628 715 κλείεται
651 649 689 716 ἁέ
713 651 749 732 ἐς
772 651 836 735 τὴν
850 650 994 735 καρδίην
1018 650 1081 718 οὐκ
1099 651 1225 736 ἁρμῷ,
1258 652 1349 736 ὅκως
1372 654 1446 739 εὀίη

168 753 231 837 μὲν
256 753 274 819 ὁ
300 754 377 839 ἁηρ,
403 755 442 822 ori
466 757 558 823 πάνυ
583 756 621 824 dd
636 755 755 841 πολύς.
802 761 850 825 De
867 759 970 826 forma
992 759 1091 843 ἁρμῷ
1117 761 1189 828 vide
1206 759 1299 829 infra.
1317 783 1446 843 γυναικ.

169 860 201 928 α’
227 866 277 944 14,
303 864 340 929 L.
364 864 450 930 VIII.
476 865 572 949 25sq.
603 864 664 932 ἁτε
687 870 748 932 τοῦ
773 866 944 949 στόματος
967 869 1037 932 τῶν
1060 868 1221 951 μητρέων
1244 865 1447 951 παρακεκλι·

167 971 273 1054 μένου
297 970 412 1053 ὀλίγον
446 976 508 1038 τοῦ
534 972 665 1039 αίὰοίου
700 973 723 1057 ῷ
752 974 879 1058 ἁρμοῖ
910 974 1104 1057 μεμυκότος
1138 975 1175 1056 ἐς
1208 980 1322 1057 τοῦτο,
1359 975 1448 1043 ὥστε

165 1079 309 1162 χωρέειν
336 1080 409 1163 μέν,
435 1080 726 1163 ἁποφρὰοσεσὰαι
743 1080 781 1148 ἁέ
805 1080 869 1147 ἀπ’
884 1081 1018 1147 αὐτέων
1035 1080 1092 1168 (τὰ
1108 1082 1294 1166 ἐπιμήνια).
1318 1104 1446 1165 γυναικ.

167 1183 196 1268 γ’
224 1189 300 1269 213,
337 1187 373 1255 L.
413 1189 497 1255 VIII.
534 1190 599 1254 408
633 1191 690 1254 καὶ
722 1187 766 1273 ἢν
800 1189 935 1273 μεμύκη
969 1188 1009 1255 τὸ
1046 1190 1157 1273 στόμα
1180 1194 1251 1257 τῷν
1286 1192 1448 1274 μητρέων

166 1294 348 1376 πάμπαν
372 1293 443 1360 οὐδ’
468 1293 560 1361 οὕτω
585 1293 740 1378 ἁέχοντοι
769 1295 841 1363 οὐδ’
864 1294 908 1379 ἢν
932 1295 1062 1380 ἁρμοῖ
1080 1297 1216 1381 μεμὰκη
1239 1296 1447 1382 μᾶλλονῆ

168 1399 222 1466 ἁεῖ
243 1449 252 1468 .
277 1450 286 1470 .
317 1400 360 1484 ἢν
385 1401 423 1468 ἁὲ
446 1401 561 1485 ὀλίγον
584 1401 879 1486 παρακεκλιμένον
901 1403 924 1488 ᾖ
947 1402 969 1488 ἢ
994 1404 1123 1486 ἁρμοῖ
1142 1404 1287 1488 μεμάκη,
1325 1405 1448 1488 χωρέει

165 1507 228 1591 μέν
252 1507 295 1573 τὰ
319 1509 489 1593 ἐπιμήνια,
520 1510 643 1593 χωρέει
672 1509 710 1577 ἁέ
737 1509 859 1596 βιαίως
886 1512 943 1577 καί
965 1509 1046 1576 κατ’
1080 1508 1194 1593 ὀλίγον
1229 1511 1285 1577 έπί
1313 1508 1447 1594 πολλὰς

166 1615 307 1699 ἡμέρας.
353 1618 414 1684 His
444 1618 548 1686 tribus
571 1619 651 1686 locis
677 1618 784 1702 ἁρμοῖ
804 1620 871 1686 sive
902 1617 1001 1702 ἁρμῷ
1025 1618 1189 1702 significat
1207 1619 1446 1702 „aliquomodo

167 1724 311 1790 clausum
337 1729 442 1809 esse“,
468 1746 564 1810 quam
576 1727 847 1810 significationem
874 1727 1011 1794 localem
1040 1727 1253 1811 principalem
1278 1745 1349 1794 esre
1373 1746 1447 1795 con·

167 1841 357 1902 sentaneum
381 1840 441 1904 est.
488 1836 526 1902 Id
550 1838 636 1920 quod
660 1835 768 1920 ἁρμοῖ
788 1837 932 1904 clausum
956 1841 1016 1922 est,
1041 1856 1105 1903 non
1122 1835 1269 1918 πάμπαν
1286 1837 1448 1904 clauditur

165 1946 198 2007 et
233 1961 343 2009 aerem
377 1945 539 2026 permittit
573 1945 608 2012 in
641 1946 771 2011 modum
805 1944 982 2012 labrorum.
1028 1943 1082 2012 Sic
1105 1944 1343 2028 interpretatur
1366 1944 1447 2011 Ero·

166 2050 273 2115 tianus
310 2071 341 2133 p.
367 2054 456 2117 44.5
493 2052 602 2136 ἡσυχῇ
638 2053 688 2119 rel
722 2054 844 2136 μικρῷ,
881 2053 914 2118 id
950 2057 1001 2119 est
1027 2052 1194 2136 paululum
1229 2070 1272 2119 sc.
1303 2052 1447 2120 clausum

166 2175 246 2224 esse.
296 2159 430 2226 Accedit
452 2159 542 2227 locus
566 2161 599 2226 in
623 2180 751 2242 γυναικ.
781 2158 814 2226 α’
837 2162 890 2240 36,
927 2159 964 2227 L.
988 2160 1077 2227 VIII.
1103 2161 1146 2226 88
1177 2157 1385 2242 ἁιαιτωμένη
1408 2157 1448 2226 db

172 2264 193 2348 ἡ
218 2264 302 2348 γυνὴ
326 2267 540 2349 περιγίνεται,
563 2265 607 2351 ἢν
631 2266 761 2350 ἁρμοῖ
780 2263 1029 2350 μελεὰαίνηται,
1055 2268 1146 2335 cuius
1170 2286 1284 2335 sensus
1307 2267 1447 2335 fortasse

167 2377 215 2439 est
243 2374 291 2453 „si
315 2374 505 2441 continuo
530 2375 598 2442 siue
624 2394 667 2442 ex
690 2373 814 2442 fundo
839 2378 990 2443 curetur“
1016 2376 1072 2452 ita,
1097 2381 1134 2442 ut
1158 2393 1235 2443 cura
1258 2395 1322 2444 nou
1346 2377 1445 2442 inter·

169 2487 349 2564 rumpatur.
448 2520 450 2524 ι
1344 2538 1346 2540 -

273 2590 399 2671 Restat,
435 2594 472 2655 ut
495 2589 622 2674 reliqua
654 2590 842 2656 testimonia
876 2590 964 2657 vocis
1000 2589 1114 2674 ἁρμοῖ,
1151 2589 1250 2674 ἁρμῷ
1286 2610 1306 2657 a
1339 2591 1446 2674 poetis

166 2703 296 2766 servata
321 2716 542 2780 congeramua
589 2698 633 2764 Et
656 2698 875 2782 antiquiorum
911 2699 1040 2782 quidem
1064 2698 1223 2766 Pindarus
1248 2698 1379 2767 exhibet
1412 2698 1446 2765 in

166 2807 225 2889 frg.
253 2809 315 2872 199
344 2804 477 2872 ἐλπίσιν
501 2804 695 2888 ἁὰανάταις
727 2805 843 2889 ἁρμῷ
869 2806 1042 2889 φέρονται,
1079 2807 1164 2889 quod
1192 2807 1446 2888 interpretamur
1532 2838 1535 2845 ⁷

168 2915 363 2995 „immortali
399 2933 457 2997 spe
480 2920 673 2996 perpetuo
698 2912 898 2981 efferuntur“
935 2913 1020 2998 (vide
1053 2913 1162 2997 inira).
1211 2911 1443 3001 [Pherecratis]

166 3042 243 3094 vero
278 3021 339 3105 frg.
376 3021 500 3087 Metall.
528 3024 588 3085 111
626 3020 882 3107 (Karkaria,
920 3020 994 3086 Mei.
1026 3020 1068 3086 11.
1093 3021 1173 3104 306)
1206 3026 1369 3088 servatum
1403 3021 1445 3089 ab

166 3130 321 3197 Erotiano
351 3149 382 3213 p.
409 3129 499 3195 Ado
535 3129 807 3211 interpretatione
845 3132 920 3210 eget
956 3126 1065 3211 ἁρμῷ·
1100 3128 1220 3212 ἡσυχῇ,
1244 3129 1366 3211 μικρῷ·
1396 3127 1445 3208 ὡς

166 3239 222 3304 καὶ
238 3236 454 3320 Φερεκράτης
470 3234 507 3301 ἐν
523 3232 775 3317 Meroliacum
802 3237 870 3303 cod.
888 3235 1020 3302 exhibet
1036 3234 1153 3318 ἁρμῷ·
1170 3234 1287 3318 ἡσυχῆ,
1302 3238 1443 3318 μικρῶς.
1556 3284 1558 3289 .

167 3347 291 3413 Nouum
330 3364 460 3413 sensum
501 3341 600 3427 ,α”ρτι
636 3345 761 3409 νεωστί
798 3347 923 3425 nuper“
968 3342 1195 3425 praetulerunt
1233 3342 1445 3410 Alexandrini

165 3461 295 3539 poetae,
321 3471 456 3538 quornm
473 3453 615 3536 quinque
631 3451 818 3518 testimonia
841 3451 920 3517 milri
937 3455 1068 3534 praesto
1085 3454 1176 3518 sunt:
1201 3450 1334 3518 Theocr.
1352 3453 1382 3520 4.
1402 3451 1442 3515 51

168 3563 189 3630 ἁ
212 3562 276 3646 γὰρ
302 3559 440 3628 ἁκονὰα
464 3560 592 3644 ἁρμοῖ
614 3564 649 3644 μ’
674 3558 741 3627 ὧδ’
764 3557 908 3641 έπάταξ’
937 3557 1006 3624 ὑπὸ
1030 3557 1070 3624 τὸ
1095 3559 1240 3642 σφυρόν.
1285 3559 1444 3643 Lycophr.

168 3672 215 3737 Al.
250 3672 312 3735 106
351 3667 513 3735 Θὰοαισιν
555 3667 682 3752 ἁρμοῖ
717 3667 883 3752 μηλάτων
928 3667 1135 3750 ἀπάργματα
1175 3665 1370 3751 φλέγουσαν
1408 3664 1445 3731 έν

166 3778 321 3862 κρόκαισι
358 3777 416 3842 καῖ
442 3775 538 3861 Βάνη
563 3774 649 3860 carm
684 3775 793 3860 ἁρμοῖ
824 3773 1019 3860 φλέγουσαν
1055 3779 1115 3857 est,
1154 3776 1206 3858 „in
1241 3776 1311 3858 ipso
1347 3775 1445 3840 sacri·

167 3885 272 3952 ficio“.
314 3883 437 3950 Gallim.
463 3884 523 3969 lrg.
549 3887 614 3951 230
638 3884 735 3953 Schn.
760 3883 890 3968 ἁρμοῖ
911 3905 982 3967 παρ
1006 3880 1153 3949 Δαναῶν
1188 3887 1249 3966 γῆς
1277 3881 1333 3948 έπι
1366 3880 1467 3979 βου-7

167 3994 300 4076 γενέων.
325 3993 358 4059 id
383 3989 443 4075 lrg.
469 3993 546 4059 Hec.
573 3996 616 4059 44
641 3992 736 4060 Schn.
762 3992 869 4078 ἁρμοῖ
889 4015 958 4059 που
974 3991 1120 4075 κάκείνῳ
1138 3992 1315 4076 ἐπέτρεχεν
1339 3989 1445 4075 ἁβρὸς

168 4099 295 4181 ἴουλος.
320 4100 419 4167 Simil.
435 4101 540 4184 Apoll.
565 4101 668 4168 Rhod.
693 4101 717 4166 Ι.
744 4104 819 4170 972.
845 4100 921 4167 ῖσόν
933 4119 1002 4166 που
1018 4098 1163 4182 κάκείνῳ
1181 4098 1446 4182 ἐπισταχύεσκον

170 4207 280 4274 ῖουλοι
303 4209 403 4276 schol.
428 4210 524 4276 Laur.
550 4208 716 4293 γράφεται
740 4207 848 4292 ἁρμοῖ
867 4228 936 4274 που
960 4205 1031 4276 κτλ.

274 4317 363 4383 Haec
385 4317 541 4386 habemus
578 4317 617 4385 de
640 4337 717 4385 voce
746 4315 859 4399 ἁρμοῖ,
895 4335 978 4399 quae
1001 4317 1088 4398 apud
1117 4314 1294 4398 scriptores
1318 4321 1445 4383 veteres

168 4431 300 4493 servata
324 4431 401 4492 sunt
423 4425 618 4493 testimonia.
667 4426 833 4492 Accedunt
856 4423 1139 4506 grammaticorum
1175 4422 1351 4505 doctrInae‚
1388 4423 1445 4488 sed

169 4553 238 4617 eas,
275 4534 395 4619 quippe
431 4552 515 4618 quae
549 4535 637 4602 inter
672 4552 706 4602 se
731 4553 795 4602 non
820 4537 1009 4618 congruant,
1045 4531 1079 4599 in
1114 4530 1179 4598 fine
1220 4530 1443 4601 tractabimus.
