3232 5176
670 304 866 367 ..9-

241 482 360 550 Verum
387 487 494 548 tamen
519 501 580 548 non
605 483 684 549 satis
709 488 759 549 est
782 502 930 550 sonorum
955 483 1112 551 rationem
1136 483 1296 554 habuisse.
1342 485 1405 553 Ne·

137 610 199 674 que
228 591 313 657 enim
341 592 428 658 11111
456 592 534 658 11111
562 592 647 659 iuter
670 611 706 659 se
730 592 881 659 differunt
904 593 1043 676 dialecti,
1080 595 1136 660 sed
1159 597 1258 661 verba
1281 614 1406 679 quoque

139 699 373 781 verborumque
397 697 649 781 significationes
673 698 745 766 aliis
769 701 833 766 alia
857 701 1003 767 dialectis
1026 703 1158 784 propria
1174 708 1258 768 sunt.
1294 703 1409 784 Itaque

138 807 318 890 quaeritur,
356 826 431 882 num
464 807 498 872 11
532 808 702 873 verborum
738 827 864 891 quoque
899 809 1004 890 copia,
1045 826 1108 891 qua
1142 815 1257 890 poetae
1292 809 1408 890 tragici

137 919 286 996 utuntur,
326 915 460 980 aliarum
499 916 636 998 vestigia
677 916 887 982 dialectorum
931 917 1086 998 indagare
1131 917 1236 984 liceat.
1306 917 1408 996 Quam

140 1023 361 1105 quaestionem
400 1023 457 1089 illa
491 1024 620 1106 quidem
655 1024 755 1090 multo
790 1023 1024 1090 intricatiorem
1061 1043 1120 1090 nec
1158 1028 1266 1091 tamen
1304 1025 1408 1090 minus
1439 1113 1442 1118 Ι

139 1131 354 1198 necessariam
385 1132 507 1214 primus
539 1132 639 1198 morit
668 1130 994 1214 Rutherfordius,
1031 1132 1086 1198 the
1110 1151 1178 1198 new
1201 1131 1410 1215 Phrynichus

140 1239 275 1305 Londou
303 1240 396 1320 1881,
422 1260 452 1322 p.
472 1241 577 1305 1-31
604 1245 637 1305 et
661 1239 835 1322 32-521).

246 1346 336 1413 Vidit
358 1347 408 1413 vir
430 1347 486 1412 ille
510 1348 714 1414 doctissimus
735 1348 769 1414 11
785 1348 913 1413 Atticae
929 1348 1115 1430 tragoediae
1132 1367 1278 1414 sermone
1294 1346 1411 1413 multas

142 1472 235 1520 voces
259 1455 397 1520 usitatas
419 1473 499 1536 esse,
525 1456 639 1538 quibus
655 1456 840 1522 Herodotus
860 1456 910 1522 uti
926 1456 1031 1521 soleat
1047 1473 1150 1539 neque
1167 1475 1221 1522 111
1238 1456 1412 1537 scriptores

141 1562 330 1644 praebeant,
356 1562 410 1645 qui
434 1581 534 1644 purae
557 1562 696 1628 Atthidis
722 1568 822 1629 testes
846 1563 985 1628 habendi
1008 1569 1092 1629 sunt.
1137 1563 1277 1642 Quarum
1300 1581 1412 1628 vocum
1520 1603 1523 1607 ·

142 1687 213 1734 cum
237 1669 326 1749 duas,
352 1667 437 1751 ἀκτή
454 1675 487 1735 11
512 1668 643 1753 ζωστήρ
660 1671 832 1752 aliquando
848 1671 973 1736 Atticas
989 1670 1088 1737 fuisse
1110 1691 1147 1737 eo
1164 1671 1413 1752 comprobasset,

143 1777 230 1859 quod
245 1777 353 1842 Attica
375 1776 447 1842 loca
469 1778 519 1842 his
543 1778 725 1843 nominibus
743 1778 993 1860 appellarentur,
1011 1778 1096 1843 idem
1117 1779 1156 1844 de
1174 1778 1290 1843 ceteris
1307 1777 1414 1842 valere

144 1884 270 1950 statuit.
316 1883 363 1948 Ex
386 1883 447 1949 hoc
469 1885 570 1966 igitur
594 1903 750 1950 consensu
775 1886 932 1952 Herodoti
956 1891 989 1951 et
1012 1886 1208 1968 tragicorum
1233 1886 1325 1967 quasi
1349 1885 1415 1950 elu-

146 2011 218 2058 cere
253 1992 378 2074 copiam
408 1991 577 2057 verborum
611 1993 737 2074 priscae
761 1993 904 2058 Atthidis
936 2012 1044 2059 eorum
1068 1998 1264 2074 temporum,
1301 1990 1415 2074 quibus

40 2082 46 2093 ’
144 2098 314 2183 tragoedia
340 2099 478 2180 primum
506 2101 539 2165 in
564 2118 712 2165 scaenam
736 2102 921 2183 prodiisset,
960 2101 980 2167 i.
1006 2119 1033 2166 e.
1050 2100 1105 2166 VI.
1129 2098 1195 2166 iere
1220 2099 1340 2166 saeculi
1364 2118 1416 2162 ex·

147 2208 269 2287 euntis3
315 2207 410 2272 huius
449 2207 533 2273 enim
572 2209 689 2274 aetatis
729 2228 907 2275 sermonem
946 2209 1188 2275 Atheniensium
1226 2206 1417 2272 familiarem

146 2314 388 2380 fundamentum
413 2333 483 2380 1111
507 2315 656 2381 dictionis
680 2318 834 2397 tragicae.
874 2317 1017 2382 Primum
1038 2322 1071 2383 et
1086 2317 1225 2381 alterum
1240 2314 1419 2381 rectissime

148 2422 265 2488 statuit
297 2422 347 2488 vir
381 2422 436 2488 ille
472 2424 685 2490 doctissimus
738 2425 857 2491 Tamen
891 2443 1109 2506 praepropere
1136 2424 1250 2507 pedem
1274 2421 1420 2505 protulit.

150 2530 242 2595 Licet
269 2530 353 2595 enim
377 2530 447 2595 iure
470 2529 569 2596 verba
597 2531 721 2614 aliquot
745 2533 829 2613 apud
853 2533 994 2613 tragicos
1019 2533 1122 2597 solum
1145 2530 1303 2613 Ionesque
1327 2529 1422 2594 obvia

150 2637 276 2719 priscae
298 2636 424 2703 Atthidi
448 2639 642 2720 tribuantur,
679 2640 831 2705 statimne
856 2640 1010 2723 sequitur,
1043 2648 1079 2705 ut
1102 2640 1186 2704 idenr
1210 2639 1250 2702 de
1274 2635 1421 2702 omnibus

150 2745 245 2810 huius
280 2745 407 2827 generis
436 2746 600 2812 vocabulis
629 2746 834 2812 iudicandum
863 2747 927 2812 sit?
974 2747 1064 2826 Quod
1087 2766 1127 2813 ne
1151 2743 1347 2811 affirmemus
1370 2742 1422 2808 vel

151 2851 184 2917 id
200 2851 317 2932 obstat,
343 2853 437 2934 quod,
460 2859 496 2918 ut
512 2857 609 2919 antea
624 2854 771 2934 vidimus,
796 2854 928 2919 mixtam
945 2872 984 2918 ex
1000 2855 1196 2920 diversarum
1214 2853 1422 2918 dialectorum

152 2959 319 3025 elementis
354 2978 467 3025 revera
499 2979 570 3027 esse
599 2962 795 3043 tragicorum
823 2980 1000 3028 sermonem
1027 2981 1176 3028 sonorum
1201 2959 1423 3026 observatione

153 3067 320 3132 evincitur.

260 3174 441 3253 Quaerendi
464 3174 557 3252 viam,
593 3195 687 3258 quam
712 3177 873 3242 munierat
895 3174 1100 3252 Rutherford
1137 3193 1259 3240 summa
1284 3191 1354 3238 cum
1377 3171 1424 3235 in·

155 3281 279 3347 dustria
301 3287 490 3362 persecutus
513 3283 546 3348 in
563 3283 756 3349 sententiam
772 3284 868 3365 plane
885 3284 1079 3349 contrariam
1096 3282 1178 3347 abiit
1189 3279 1423 3358 Wittekind,

154 3388 209 3471 qui
233 3389 265 3454 in
290 3387 517 3454 dissertatione
538 3409 637 3471 supra
659 3396 907 3456 commemorata
923 3391 1116 3456 uberrimam
1133 3389 1293 3470 congessit
1308 3386 1424 3452 molem
1506 3378 1515 3395 ⁰

154 3498 339 3578 verborum,
380 3516 462 3579 quae
502 3498 680 3564 communia
719 3504 794 3564 sunt
828 3497 1040 3580 scriptoribus
1074 3497 1191 3562 Ionicis
1230 3495 1426 3576 tragicisque

156 3603 261 3702 puetis
277 3623 342 3670 *nec
366 3610 473 3671 tamen
499 3605 584 3687 apud
608 3607 784 3690 scriptores
808 3625 884 3671 vere
901 3605 1026 3670 Atticos
1049 3604 1210 3685 leguntur.
1250 3602 1319 3681 Qua
1338 3601 1370 3665 11
1391 3617 1426 3664 re

156 3710 318 3777 Atticismi
341 3713 433 3794 quasi
456 3732 600 3778 normam
624 3732 696 3780 esse
718 3715 820 3780 voluit
842 3714 1010 3779 Platonem
1034 3716 1068 3777 et
1090 3710 1275 3790 Isocratem,
1300 3708 1428 3773 lonicae

157 3819 288 3885 dialecti
321 3824 422 3886 testes
450 3821 654 3902 potissimum
682 3822 829 3888 adhibuit
851 3822 1051 3887 Herodotum
1081 3825 1113 3885 et
1137 3820 1377 3900 Hippocratem,
1411 3834 1428 3881 1

157 3927 352 4008 tragicorum
375 3933 483 3994 autem
506 3948 637 3995 numero
662 3967 703 3978 -
728 3931 760 3995 id
784 3930 869 4012 quod
893 3949 970 3996 1111
994 3930 1111 3993 mirere
1136 3963 1178 3975 —
1203 3923 1428 4006 11111111]-

158 4035 234 4114 lum,
270 4034 326 4100 sed
357 4034 547 4117 Sophoclem
575 4039 668 4119 quasi
698 4037 861 4120 exemplar
890 4037 998 4119 elegit.
1045 4035 1136 4101 Hanc
1163 4038 1270 4098 autem
1293 4031 1429 4097 vocabu·

158 4142 262 4207 lorum
297 4144 479 4226 congeriem
512 4150 614 4210 totam
642 4144 770 4211 Ionicae
799 4145 933 4227 originis
962 4162 1033 4212 esse
1057 4143 1118 4208 sibi
1141 4139 1313 4223 persuasit.
1358 4139 1430 4203 Etsi

266 4445 291 4515 ¹)
318 4447 402 4500 vertit
419 4445 577 4502 Germanice
596 4445 699 4510 Funclr,
718 4444 851 4499 Fleckeis.
871 4443 965 4498 Jahrb.
984 4443 1003 4497 f.
1017 4441 1116 4496 Philol.
1148 4440 1333 4527 Supperffl,
1355 4441 1480 4533 1111ΝΞ

159 4552 186 4606 p.
200 4537 349 4592 cos-399.
1332 4540 1335 4545 ’
1366 4534 1371 4575 :
1393 4528 1401 4539 ⁴
