3232 5176
701 295 920 359 ..82-

280 473 365 539 Illud
388 473 521 538 verbum
546 491 649 555 aeque
679 490 716 537 ao
739 472 835 555 plura
859 471 1019 553 simplicia
1047 489 1123 536 raro
1147 471 1187 536 ab
1212 470 1332 536 Atticis
1356 470 1455 553 scrip-

175 581 301 647 toribus
325 585 516 663 usurpatum
541 581 688 646 omnibus
706 580 839 646 Graecis
865 598 1031 645 commune
1054 577 1154 645 inisse
1178 579 1317 646 videtur.
1350 579 1458 645 Sentit

175 693 283 754 autem
308 693 342 753 et
364 688 546 766 „collocare
575 689 608 753 in
632 689 721 754 loco“
749 688 816 754 sive
847 688 1049 769 „transigere
1073 687 1107 752 in
1132 691 1272 752 statum“
1301 691 1335 752 et
1360 685 1456 765 „mit-

174 801 244 862 tere
268 798 302 861 in
325 795 464 878 locum“,
488 797 721 878 praetermisso
744 795 903 876 technico‚
939 801 976 860 ut
998 795 1047 859 ita
1071 794 1186 876 dicam,
1216 793 1306 860 verbi
1329 811 1393 859 usu
1417 791 1458 858 ci.

173 903 344 970 Prellwitz.
369 923 394 971 s.
411 922 440 969 v.
487 904 565 969 Inde
591 905 722 970 ductum
747 908 796 969 est
825 900 1027 968 ἐπι-στέλλω
1052 902 1185 985 eiusque
1216 901 1456 968 substantivum

172 1010 303 1077 verbale
327 1009 500 1094 ἐπιστολή,
525 1030 659 1094 quorum
685 1029 798 1077 sensus
823 1016 894 1077 arte
916 1011 1003 1076 inter
1027 1029 1062 1075 se
1087 1009 1269 1076 cohaerent.

279 1116 489 1183 ἐπιστέλλειν
523 1119 598 1183 inde
633 1137 652 1184 a
687 1117 821 1200 tragicis
855 1118 962 1199 poetis
998 1118 1031 1182 in
1068 1117 1215 1183 omnibus
1256 1117 1458 1183 Graecorum

172 1226 292 1292 litteris
317 1227 444 1293 obvium
469 1232 528 1292 est.
576 1226 688 1292 Aesch.
708 1226 797 1308 Sept.
825 1226 910 1289 1012
933 1223 1025 1311 (996)
1049 1226 1135 1293 trim.
1162 1222 1254 1289 οὕτω
1277 1223 1342 1308 μέν
1366 1222 1457 1308 ἀμφὶ

171 1331 269 1398 τοῦδ’
294 1331 548 1399 ἐπέσταλται
571 1331 680 1416 λέγειν
705 1334 912 1415 „mandatum
930 1336 1012 1413 est“‚
1037 1352 1079 1400 sc.
1106 1332 1267 1399 aGreone
1285 1320 1324 1398 de
1341 1331 1455 1399 funere

170 1442 328 1521 Eteoclis3
353 1442 412 1524 Ag.
439 1443 503 1506 908
529 1442 622 1525 (872)
646 1442 732 1507 trim.
761 1439 874 1523 δμῳαὶ
897 1441 930 1505 τί
944 1438 1100 1523 peram,
1125 1439 1181 1522 αῖς
1205 1439 1455 1507 ἐπέσταλται

171 1547 270 1629 τέλος
305 1567 348 1614 sc.
386 1548 705 1631 aOlytaemnestra;
740 1548 832 1613 Eum.
858 1549 922 1614 205
948 1549 1042 1632 (203)
1078 1550 1165 1615 trim.
1201 1548 1258 1613 καὶ
1281 1567 1454 1632 προστρα-

171 1653 301 1720 πέσιλαι
330 1652 452 1721 τούσδ’
484 1654 730 1721 ἐπέστελλεν
759 1653 888 1739 δόμους
913 1649 1128 1739 (Ἀπόλλων);
1165 1657 1242 1722 ibid.
1269 1659 1332 1721 743
1360 1657 1456 1740 (733)

172 1762 258 1827 trim.
295 1759 389 1843 ὅσοις
410 1760 583 1845 (δικαστῶν
618 1763 716 1829 τοῦτ’
741 1762 994 1829 ἐπέσταλται
1028 1762 1135 1845 τέλος.
1182 1763 1296 1848 Neque
1322 1765 1455 1831 dubium

171 1874 230 1948 est,
262 1888 326 1952 qua
351 1870 549 1952 cogitatione
572 1871 704 1938 adducti
729 1871 845 1938 Graeci
869 1872 948 1937 illud
973 1871 1185 1954 compositum
1209 1873 1255 1938 sic
1277 1890 1456 1955 usurpave-

170 1982 257 2052 runt,
283 1977 359 2060 quia
382 1978 424 2059 id,
450 1980 536 2061 quod
558 1980 740 2060 mandatur,
766 1976 940 2045 στέλλεται
963 1978 1021 2045 ἐπί
1043 1999 1129 2060 τινα,
1160 1985 1195 2045 ut
1218 1985 1383 2046 nostrates
1408 1980 1456 2046 di-

171 2088 247 2149 cunt
273 2085 483 2160 „custellen“.
529 2086 644 2170 Itaque
668 2084 830 2170 ἐπιστολή
848 2088 1076 2166 „mandatum“
1096 2093 1146 2154 est
1169 2087 1258 2153 Pers.
1277 2089 1341 2152 783
1359 2087 1454 2173 (774)

170 2191 256 2257 trim.
282 2190 345 2256 κού
379 2194 585 2276 μνημονεύει
624 2192 687 2276 τὰς
721 2192 806 2278 ἐμὰς
843 2192 1036 2277 ἐπιστολάς,
1072 2195 1183 2277 Suppl.
1226 2195 1310 2260 1012
1349 2195 1455 2280 (979),

173 2298 279 2365 Prom.
305 2301 334 2376 3,
364 2300 424 2384 fug.
451 2304 515 2367 293
551 2303 583 2368 in
608 2303 772 2369 diverbiis.
819 2302 939 2368 Eadem
975 2303 1101 2369 ratione
1137 2303 1251 2368 ductus
1276 2301 1453 2385 Sophocles

171 2406 251 2473 dicit
263 2406 353 2473 ‘Oed
382 2415 443 2492 tyr.
472 2412 534 2474 106
559 2411 645 2476 trim.
670 2409 797 2475 τούτου
820 2409 905 2494 (Lai)
928 2407 1104 2491 θανόντος
1126 2412 1189 2475 νῦν
1217 2406 1454 2475 ἐπιστέλλει

170 2513 315 2598 (Apollo)
346 2518 469 2598 σαφῶς
491 2515 573 2598 τοὺς
590 2517 777 2597 αὐτοέντας
799 2517 885 2600 χειρὶ
908 2522 1070 2600 τιμωρεῖν
1094 2535 1180 2599 τινα,
1215 2518 1264 2583 Αἰ.
1283 2519 1345 2582 781
1365 2521 1453 2583 trim.

169 2620 295 2702 πέμπει
329 2642 373 2704 με
408 2622 461 2689 σοὶ
497 2624 648 2707 φέροντα
681 2623 782 2690 τάσδ’
819 2621 1042 2704 ἐπιστολὰς
1068 2621 1215 2708 Τεῦκρος
1251 2622 1452 2707 φυλάσσειν,

169 2727 263 2794 simil.
289 2727 366 2797 Oed.
394 2729 460 2797 Ool.
489 2734 571 2797 1601
597 2734 683 2798 trim.
708 2733 809 2800 Paulo
834 2735 930 2800 aliter
953 2752 1015 2799 vox
1038 2738 1216 2816 usurpatur
1240 2733 1359 2799 Trach.
1384 2733 1450 2798 493

169 2835 256 2901 λεῖαι.
299 2833 378 2901 ἀλλ’
420 2837 502 2904 εἴσω
539 2840 659 2923 στέγης
690 2844 870 2925 χωρῶμεν,
915 2839 1115 2933 ὡςλόγων
1149 2841 1181 2905 τ’
1220 2836 1453 2921 ἐπιστολὰς

171 2942 303 3025 φέρῃς.
323 2991 331 3010 .
349 2944 444 3027 ,(καί
479 2943 575 3029 ὁῶρα
611 2944 722 3034 ἄγῃς)
764 2950 849 3015 uude
884 2949 949 3015 iam
983 2950 1129 3016 videmus
1159 2948 1332 3032 epistulam
1368 2947 1451 3014 nihil

169 3068 240 3116 esse
275 3052 340 3118 nisi
376 3059 521 3119 certum
555 3055 751 3137 mandatum,
793 3057 878 3140 quod
914 3057 1027 3123 nuntio
1063 3064 1119 3122 aut
1154 3056 1262 3123 verbis
1299 3061 1357 3121 aut
1391 3073 1451 3138 per

165 3157 313 3224 <libellum
348 3162 530 3227 mandatur.
594 3163 739 3247 Denique
781 3165 953 3247 Euripides
994 3165 1158 3230 nonnullis
1200 3164 1329 3249 quidem
1370 3163 1450 3230 locis

166 3265 308 3348 priscum
351 3287 445 3334 usum
483 3270 627 3352 retinuit,
673 3273 762 3339 velut
806 3273 922 3339 ursan.
964 3275 1048 3337 1149
1094 3273 1180 3339 trim.
1219 3275 1352 3355 πρᾶσσε
1387 3270 1451 3338 τά-

166 3373 438 3458 πεσταλμένα,
463 3378 558 3442 simil.
583 3379 703 3445 Phocn.
729 3382 794 3446 863
819 3382 915 3462 trim,
940 3381 1067 3447 Heracl.
1095 3381 1159 3446 938
1183 3375 1281 3462 trinu,
1307 3379 1355 3444 El.
1382 3381 1447 3445 333

167 3481 263 3564 trim,
300 3483 415 3549 Bacch.
452 3488 515 3550 442
541 3487 626 3554 trim.
661 3485 831 3568 Πενθέως
854 3486 889 3553 d’
916 3485 955 3570 ὅς
977 3489 1016 3572 μ’
1048 3485 1177 3570 ἔπεμψ’
1205 3484 1448 3568 ἐπιστολαῖς

168 3609 261 3671 „cum
284 3593 478 3674 mandatis“,
504 3594 597 3659 simil.
623 3592 693 3678 Iph.
710 3597 804 3662 Taur.
834 3599 917 3660 1448
942 3597 1028 3662 trim.
1053 3596 1176 3662 Iterum
1199 3597 1337 3661 mediam
1360 3595 1448 3662 intcr

171 3697 396 3776 „mandatum‘
435 3706 466 3765 et
503 3702 718 3784 „epistulam“
757 3703 1026 3786 significationem
1063 3703 1189 3770 obtinet
1222 3704 1356 3787 Hippol.
1381 3705 1446 3770 858

165 3793 251 3871 trim.
276 3803 398 3887 λέχους
427 3810 566 3890 μοικαὶ
589 3810 720 3876 τέκνων
744 3808 927 3892 ἐπιστολὰς
951 3809 1091 3893 ἔγραψε,
1117 3811 1383 3878 ε1.7ε1οκεοοεε.
1408 3809 1449 3876 ad

166 3913 281 3991 locum,
318 3915 373 3996 qui
408 3916 507 3982 vertit
538 3923 819 3998 „testamentum“.
869 3919 1111 3985 Trachiniarnm
1148 3926 1256 3987 autem
1293 3915 1364 3985 loco
1389 3937 1448 4001 par

166 4026 216 4087 est
241 4021 312 4103 Iph.
339 4023 432 4089 Taur.
459 4026 633 4091 lio—trim.
670 4023 878 4091 ἐπιστέλλειν
909 4027 1112 4102 „nuntiaret
1161 4028 1306 4109 Denique
1342 4027 1447 4109 ipsam

166 4127 338 4210 epistulam
373 4131 421 4197 ita
455 4138 550 4199 vocat
577 4132 647 4216 lph.
674 4134 745 4202 Aul.
780 4138 853 4215 111,
879 4136 953 4216 314,
990 4135 1062 4219 Iph.
1088 4136 1182 4202 Taur.
1210 4136 1285 4218 589,
1313 4137 1376 4200 767
1413 4134 1446 4198 in

165 4235 329 4302 diverbiis

270 4344 306 4410 In
330 4347 476 4427 pedestri
500 4347 646 4414 oratione
668 4349 790 4416 similes
815 4349 1087 4430 significationum
1103 4350 1344 4417 vicissitudines
1370 4369 1443 4417 con·

164 4449 355 4532 spiciuutur.
406 4455 509 4538 Atque
533 4455 637 4536 Iones,
664 4474 733 4521 cum
751 4456 898 4523 obsoleta
922 4458 1052 4540 linguae
1069 4457 1230 4523 elementa
1254 4477 1444 4525 conservare

163 4559 298 4641 soleant,
327 4561 360 4626 in
385 4561 445 4628 hac
469 4583 596 4647 quoque
626 4582 705 4630 voce
730 4565 940 4646 originarium
965 4585 1094 4633 sensum
1119 4568 1235 4634 testari
1259 4567 1442 4649 inexpecta-
