3232 5176
691 297 912 362 -43-1.

166 495 277 562 praep.
302 494 414 558 evang.
439 475 508 543 XV.
527 477 567 540 21
599 496 630 559 p.
648 476 746 542 823ss
779 478 819 543 de
847 477 963 543 atomis
993 494 1103 542 vocem
1127 481 1248 560 ψῆγμα
1275 479 1435 562 exhibent,

169 586 223 669 qui
247 585 363 669 quibus
388 604 426 650 ex
449 583 592 650 lontibus
615 585 792 668 hauserint,
817 586 974 649 incertum
997 589 1056 649 est.
1098 585 1173 651 Sirn.
1199 586 1276 651 Hes
1300 590 1435 670 ψήγμα·

166 693 274 776 ξήσμα
296 691 318 775 ή
341 690 462 775 μικρὸν
477 690 632 775 ήρύμμα,
657 690 803 774 κλάσμα,
828 692 915 758 Suid.
934 692 1113 773 ψήγματα·
1137 691 1241 775 μικρὰ
1255 692 1437 775 κομμάτια.

166 803 201 868 ld
225 820 303 868 uero
327 801 501 866 tenendum
534 807 583 866 est
606 804 728 883 ψῆγμα
750 799 937 882 significans
960 800 1154 881 particulam
1178 801 1321 882 corporis
1344 803 1437 867 mini·

166 929 248 975 marn
273 908 462 974 vocabulum
487 927 558 974 esse
581 908 846 990 philosophorum
870 907 1043 991 peculiare.

272 1015 414 1082 Alterius
438 1014 682 1097 significationis
699 1016 845 1098 exempla
861 1016 952 1082 nobis
969 1016 1104 1096 praebet
1120 1015 1357 1098 Herodotus,
1384 1019 1439 1101 qui

166 1128 287 1207 ψῆγμα
309 1128 403 1189 vocat
426 1141 539 1189 aurum
563 1143 582 1189 a
605 1121 710 1188 fluviis
734 1123 822 1189 velut
845 1143 865 1189 a
887 1123 1020 1189 Pactolo
1045 1123 1201 1188 delatum:
1238 1125 1276 1189 V.
1296 1127 1355 1190 101
1384 1125 1440 1189 dart

167 1229 227 1295 τὸν
243 1227 437 1295 Πακτωλὸν
460 1229 617 1313 ποταμὸν
642 1228 681 1311 ὃς
706 1249 767 1313 σφι
789 1234 910 1314 ψήγμοι
930 1233 1059 1313 χρυσοῦ
1081 1232 1309 1313 καταφορέων
1325 1231 1362 1297 ἐκ
1377 1235 1439 1297 τοῦ

171 1335 315 1419 Τμώλου
333 1387 340 1402 .
358 1386 365 1402 .
385 1387 392 1402 .
417 1337 609 1420 Plerumque
625 1338 787 1404 omittitur
801 1342 944 1421 χρυσοῦς
973 1339 998 1403 Ι.
1016 1340 1057 1403 93
1081 1341 1143 1402 τοῦ
1161 1338 1198 1403 ἐκ
1213 1342 1275 1403 τοῦ
1295 1337 1439 1422 Τμώλου

167 1445 448 1527 καταφερομένου
464 1445 655 1528 ψήγματος,
679 1445 720 1510 II.
737 1447 799 1510 125
816 1446 852 1526 ἐς
867 1444 982 1529 σωρὸν
998 1446 1188 1528 ψήγματος,
1213 1448 1325 1513 eodem
1342 1466 1439 1514 sensu

167 1552 378 1618 1Π.94-98
404 1553 543 1635 saepius.
590 1552 676 1619 Satis
700 1572 801 1636 prope
830 1554 955 1620 accedit
983 1554 1025 1618 ad
1047 1554 1132 1618 hunc
1154 1571 1247 1618 usum
1271 1555 1439 1636 inscriptio

168 1659 240 1724 Deli
270 1661 303 1725 in
334 1659 440 1725 insula
469 1665 600 1742 reperta
623 1660 681 1726 III.
707 1662 837 1743 saeculi,
873 1661 956 1727 Bull.
982 1662 1021 1727 de
1046 1679 1126 1727 corr.
1152 1660 1227 1727 hell.
1244 1661 1290 1728 VI
1314 1663 1440 1745 (1882),

167 1787 198 1850 p.
224 1770 265 1832 29
294 1766 475 1849 (Dittenb.²
500 1787 548 1833 nr.
568 1768 645 1850 588)
672 1769 693 1833 l.
720 1771 772 1849 89,
803 1769 854 1845 95,
884 1769 937 1850 97,
970 1770 1043 1850 118,
1075 1769 1148 1852 123,
1176 1769 1255 1848 188,
1291 1769 1346 1834 ubi
1374 1768 1440 1834 fru-

169 1875 273 1940 stulae
296 1892 414 1941 aureae
430 1880 462 1940 et
478 1881 652 1958 argenteae
667 1894 775 1941 nerum
790 1876 1015 1958 pretiosarum,
1041 1894 1122 1957 quae
1144 1874 1268 1941 fractae
1284 1881 1316 1940 et
1332 1877 1440 1944 laesae

170 1987 271 2062 erant,
300 1986 453 2048 vocantur
477 1982 641 2064 ψήγματα
662 1986 782 2065 χρυσᾶ,
812 1981 951 2065 ἀργυρᾶ,
982 1981 1111 2065 ἀργυρᾶ
1136 1983 1309 2066 ἐπίχρυσα,
1333 1982 1440 2067 ὑπάρ-

169 2111 263 2172 γυρα,
299 2087 515 2170 παντοδαπά,
550 2089 588 2155 cl.
621 2090 704 2155 Bull.
734 2090 754 2157 l.
774 2109 798 2157 c.
827 2110 858 2172 p.
880 2092 952 2155 134.
1005 2090 1100 2171 Apud
1134 2091 1277 2173 reliquos
1314 2110 1441 2175 quoque

170 2199 345 2280 scriptores
370 2202 490 2281 ψῆγμα
514 2200 584 2262 auri
607 2204 788 2265 ramentum
812 2203 871 2280 est,
897 2199 986 2264 velut
1009 2198 1162 2273 Eubulus,
1189 2217 1259 2264 cum
1282 2198 1385 2282 fingat
1407 2201 1440 2265 in

169 2304 322 2386 Hymetto
339 2323 469 2370 arenam
487 2322 618 2371 auream
634 2311 739 2371 ortam
756 2324 836 2386 esse,
854 2307 933 2373 dicit
948 2306 1007 2389 frg.
1023 2309 1065 2371 20
1089 2307 1194 2389 (Kock
1209 2306 1249 2374 II.
1268 2310 1340 2388 172,
1365 2308 1439 2373 Mei.

170 2411 226 2476 lIl.
244 2415 322 2492 215)
348 2410 397 2491 ὡς
417 2413 667 2494 χρυσοτεήκτου
691 2415 871 2496 ψήγματος
892 2414 1098 2498 πεφηνότος.
1134 2414 1247 2497 Neque
1271 2414 1368 2479 aliter
1391 2435 1441 2481 re·

172 2521 331 2585 centiores
346 2539 423 2587 voce
439 2522 491 2585 usi
512 2526 588 2586 sunt
609 2521 685 2586 Luc.
704 2520 787 2588 Gall.
807 2525 856 2602 16,
881 2522 967 2588 Plut.
985 2523 1074 2589 Dem.
1093 2524 1128 2598 4,
1154 2523 1285 2588 Diodor.
1305 2525 1334 2587 2.
1354 2524 1404 2589 50.
1425 2527 1438 2586 1

172 2646 257 2710 saep.
305 2629 388 2695 Huic
412 2629 548 2711 denique
572 2631 644 2694 usui
668 2629 833 2695 addendus
857 2637 908 2695 est
925 2631 1019 2696 locus
1041 2629 1247 2712 Aeschyleus,
1272 2649 1347 2695 nam
1373 2649 1444 2696 eum

173 2736 329 2818 reliquiae
350 2735 483 2800 heroum
504 2754 574 2800 cum
590 2736 742 2803 thesauro
759 2737 830 2802 auri
849 2742 1082 2819 comparentur,
1109 2738 1207 2802 etiam
1223 2756 1300 2803 voce
1322 2741 1443 2820 ψήγμα

173 2844 378 2910 nullomodo
403 2843 577 2925 quodlibet,
603 2843 659 2909 sed
682 2845 767 2909 auri
790 2850 969 2912 ramentum
994 2845 1166 2910 indicatur.

280 2954 411 3031 ψῆγμα,
441 2951 526 3031 quod
551 2969 569 3014 a
593 2951 704 3032 quovis
729 2951 857 3017 homine
881 2953 1005 3020 Graeco
1029 2951 1162 3017 formari
1185 2957 1325 3033 poterat,
1358 2953 1443 3035 apud

171 3057 287 3123 lones
311 3057 506 3138 peculiarem
530 3058 620 3124 aurei
641 3059 777 3123 ramenti
795 3076 922 3123 sensum
939 3059 1073 3140 accepit,
1099 3060 1213 3140 quibus
1230 3065 1317 3127 certe
1334 3061 1443 3142 genui·

172 3184 248 3230 num
285 3162 501 3247 significatum
535 3184 599 3230 non
633 3166 779 3247 ignotum
814 3164 914 3230 fuisse
946 3165 1212 3248 philosophorum
1250 3167 1444 3232 testimoniis

171 3291 269 3354 supra
300 3271 408 3336 allatis
434 3272 668 3352 comprobatur.
711 3272 805 3337 Hunc
827 3273 928 3353 igitur
950 3291 1043 3338 usum
1067 3273 1263 3356 peculiarem
1285 3293 1349 3339 una
1374 3293 1444 3340 cum

171 3399 206 3446 re
241 3378 365 3462 recepit
388 3378 532 3444 Eubulus
566 3379 828 3462 recentioresque
857 3381 1041 3461 scriptores,
1079 3400 1190 3445 verum
1225 3383 1322 3448 etiam
1358 3383 1444 3464 apud

173 3487 366 3569 Aeschylum
394 3506 455 3552 vox
477 3486 587 3552 Ionica
617 3487 760 3570 putanda
791 3493 849 3563 est,
881 3505 950 3552 cum
979 3488 1006 3551 is
1035 3486 1304 3570 significationem
1333 3507 1444 3555 secun·

172 3595 298 3660 dariam
323 3594 482 3676 recipiens
508 3612 578 3659 cum
598 3594 764 3660 Herodoto
787 3594 884 3676 plane
908 3595 1098 3662 consentiat.

664 3778 955 3855 ΑΜΦΙΔΕΞΙΟΣ.

279 3914 392 3981 Aesch.
402 3914 462 3998 frg.
471 3917 535 3980 240
548 3923 640 3982 metr.
654 3916 714 3982 inc.
729 3936 767 3982 ex
775 3917 949 3999 Hesychio:
970 3914 1231 3999 ἀμφιδεξῖοις
1244 3918 1353 4000 χερσί·
1371 3922 1447 3999 ταῖς

172 4025 244 4087 τῶν
259 4020 411 4103 τοξοτῶν
427 4019 483 4086 διὰ
498 4021 537 4087 τὸ
555 4021 718 4106 ἑκατέραν
734 4026 832 4105 χεῖρα
849 4023 995 4106 ἐνεργεῖν
1012 4023 1112 4106 ἐντῷ
1129 4021 1284 4105 τοξεύειν.
1324 4022 1446 4106 Αἰσχύ-

172 4127 233 4211 λος
261 4126 416 4212 Τηλέφῳ.
462 4129 523 4211 frg.
547 4133 620 4194 266,
645 4134 663 4194 2
688 4131 774 4197 trim.
806 4133 892 4213 apud
922 4130 1011 4196 Stob.
1036 4131 1118 4196 Flor.
1142 4132 1249 4196 125.7
1285 4131 1342 4194 καὶ
1364 4129 1446 4211 τοὺς

172 4235 348 4316 ήανόντας
363 4238 392 4300 εἰ
406 4233 521 4317 ήέλεις
536 4235 721 4319 εὐεργετεῖν
741 4237 745 4320 Ι
767 4236 829 4302 εἴτ’
846 4235 907 4302 οὖν
923 4242 1123 4319 κακουργεῖν
1136 4234 1343 4319 ἀμφιόεξλως
1359 4234 1442 4325 iperi

174 4345 224 4425 τῷ
247 4344 334 4426 μήτε
353 4345 482 4426 χαίρειν
504 4344 590 4425 μήτε
613 4340 799 4409 λυκεῖσήαι
823 4341 979 4426 pareone.
1015 4343 1075 4409 Illo
1091 4343 1161 4409 loco
1179 4362 1273 4410 sensu
1289 4346 1443 4426 primario

174 4470 236 4518 vox
264 4453 395 4533 ponitur
422 4470 481 4533 pro
516 4451 767 4533 ,ambidexter“,
795 4451 849 4517 hic
876 4469 934 4516 seu
962 4450 1039 4516 trite
1064 4469 1121 4516 seu
1144 4451 1363 4534 metaphorice
1386 4472 1445 4534 pro

178 4577 326 4643 ,anceps
350 4578 410 4641 par
434 4560 467 4625 in
489 4561 659 4642 utramque
675 4561 833 4642 partem“.
869 4559 951 4626 Item
967 4578 1028 4625 vox
1044 4560 1130 4642 apud
1145 4559 1287 4644 reliquos
1303 4559 1445 4642 tragicos
