3232 5176
706 247 833 364 ..¹61
883 333 926 347 ..

175 479 270 545 doteo
306 498 453 545 sermone
490 478 683 563 Thucydidis
708 479 836 545 omnino
866 497 930 545 non
966 461 1160 546 mentionem
1195 477 1327 564 laceret,
1365 483 1452 550 intc'r

172 587 310 667 Ionicos,
336 605 416 669 quas
433 587 569 666 vocavit,
594 605 688 653 voces
706 589 748 652 43
767 587 990 669 Thucydideas
1014 586 1160 668 inseruit,
1186 606 1266 672 quos
1290 589 1347 654 illa
1364 597 1452 658 certe

174 693 404 761 dissertatione
428 713 491 761 uon
516 694 742 777 comprobatur
766 694 893 762 Ionicos
918 712 1000 761 csse.
1048 695 1096 759 De
1119 695 1319 778 Antiphonte
1343 705 1451 766 autem

173 800 307 884 eiusque
324 802 505 885 tetralogiis
514 799 539 884 ¹)
565 802 631 883 egit
646 801 681 868 F.
707 804 736 868 J.
754 803 977 870 Brueckncr
1001 804 1033 870 in
1057 810 1296 886 programmate
1313 806 1453 874 Bautze·

173 910 289 990 nicusi,
317 911 412 976 1887.
459 909 583 975 Horum
619 911 762 976 virorum
787 916 821 977 et
843 912 1045 994 superiorum
1081 912 1198 978 studiis
1234 913 1319 981 docti
1344 934 1453 982 sumus

172 1016 246 1100 plus
270 1021 398 1082 centum
422 1035 516 1083 voces
540 1016 573 1083 in
598 1017 791 1100 Thucydidis
818 1018 911 1084 libris
942 1018 1017 1101 legi,
1053 1036 1134 1101 quas
1157 1019 1285 1104 reliqui,
1321 1022 1376 1103 qui
1399 1040 1453 1086 vo·

173 1129 298 1205 cantur,
335 1124 435 1190 horici
470 1125 647 1207 scriptores
683 1133 741 1191 aut
775 1126 905 1192 omnino
935 1146 999 1192 uon
1024 1127 1201 1194 adhibeant
1235 1133 1292 1194 aut
1326 1128 1453 1194 diverso

172 1250 270 1298 sensu
305 1238 511 1315 usurpentur,
548 1252 620 1298 cum
655 1253 710 1301 ees
735 1253 846 1301 omnes
882 1235 995 1301 eodem
1027 1253 1125 1303 sensu
1148 1236 1325 1302 instructas
1359 1236 1452 1303 uobis

172 1338 289 1406 offerat
311 1340 506 1422 Herodotus,
533 1342 630 1407 etiam
655 1343 826 1408 nonnullas
843 1343 1079 1426 Hippocratem
1104 1361 1187 1427 quae
1212 1362 1282 1410 cum
1307 1345 1354 1409 ita
1377 1345 1451 1424 siut,

150 1447 253 1514 illud
276 1449 413 1515 manime
430 1450 605 1516 carendum
630 1456 690 1532 est,
715 1471 756 1517 ne
773 1450 995 1533 imprudenter
1017 1457 1119 1518 totam
1136 1452 1307 1519 verborum
1335 1451 1452 1516 molem

169 1556 232 1622 hac
254 1559 381 1623 ratione
406 1557 574 1623 collectam
598 1540 709 1624 lorum
745 1559 883 1626 dialecto
920 1559 1146 1641 attribuamus
1183 1578 1257 1626 nam
1281 1559 1313 1624 in
1337 1563 1452 1643 operto

171 1671 222 1730 est
246 1683 330 1747 eum,
355 1665 410 1748 qui
433 1665 480 1731 sic
504 1667 729 1748 quaestionem
753 1666 914 1749 instituat,
939 1668 1130 1750 saepissime
1153 1667 1288 1734 iortuito
1313 1668 1452 1750 quodam

171 1789 248 1838 casu
272 1771 386 1854 decipi,
413 1771 450 1838 cl.
477 1775 585 1842 adnot.
603 1774 737 1841 Diencri
760 1775 781 1840 l.
799 1794 824 1840 c.
850 1794 881 1859 p.
907 1775 946 1839 31
974 1776 1014 1840 de
1037 1793 1115 1842 uoce
1140 1774 1279 1857 ἐνάγειν,
1303 1775 1451 1859 quomis

170 1878 314 1946 Ionicum
344 1881 530 1963 iudicasset,
566 1882 629 1947 nisi
655 1901 726 1948 eam
749 1881 885 1949 fortuito
909 1882 1009 1949 semel
1045 1884 1130 1966 apud
1154 1882 1283 1949 Isaeum
1307 1883 1452 1965 legisset.

170 1988 211 2054 Id
236 1989 340 2054 solum
364 1989 433 2054 sine
457 1988 555 2055 dubio
577 1991 751 2056 tenendum
776 1997 826 2056 est
849 1991 935 2056 iuter
951 1991 1152 2057 Herodotum
1176 1997 1210 2057 et
1234 1989 1451 2073 Thucydidem

172 2097 306 2180 eiusque
331 2098 483 2179 aequales
512 2097 752 2166 vicissitudines
781 2088 938 2181 quasdam
962 2098 1113 2181 conspici,
1148 2117 1229 2183 quas
1264 2098 1291 2165 si
1316 2097 1389 2180 quis
1413 2117 1451 2164 ex

171 2206 330 2271 communi
347 2205 436 2271 ionte
453 2206 601 2287 deducat,
626 2225 691 2271 uon
707 2207 812 2289 possit
835 2225 899 2272 nou
917 2207 1135 2289 sophistarum
1153 2205 1346 2273 eruditionis
1362 2223 1451 2271 meu·

169 2315 292 2380 tionem
316 2312 432 2394 lacere,
458 2332 497 2379 ex
521 2333 586 2396 qua
608 2314 760 2380 universa
776 2314 881 2396 quinti
898 2315 1045 2381 exeuntis
1069 2315 1189 2380 saeculi
1214 2314 1353 2381 eruditio
1377 2332 1451 2396 pro·

168 2422 273 2489 fluxit.
321 2422 419 2488 Plura
442 2421 475 2487 iu
500 2421 583 2489 hauc
606 2423 803 2489 sententiam
831 2422 895 2487 alio
920 2422 991 2487 loco
1016 2421 1279 2505 disputabuntur,
1315 2440 1386 2487 cum
1409 2422 1451 2487 ad

168 2537 314 2596 nostram
347 2530 571 2613 quaestionem
607 2530 807 2596 solummodo
842 2529 876 2594 id
910 2530 1076 2611 pertineat
1111 2529 1350 2613 Thucydideum
1385 2548 1452 2597 ser·

169 2656 305 2720 monem,
336 2637 489 2721 quamdiu
513 2637 669 2717 iudicium
701 2638 740 2704 de
765 2656 803 2703 eo
827 2635 973 2720 fluctuat,
997 2638 1045 2702 ita
1068 2638 1274 2704 tractandum
1298 2656 1380 2722 esse,
1415 2642 1453 2702 ut

167 2748 202 2813 iu
227 2766 293 2813 una
316 2765 444 2829 quoque
469 2763 546 2812 voce
571 2765 667 2829 quam
685 2746 869 2812 cautissime
894 2752 927 2811 et
950 2745 1137 2811 acutissime
1161 2750 1353 2830 quaeratur,
1373 2744 1451 2828 quid

169 2873 207 2920 ex
239 2854 443 2937 peculiari
467 2859 610 2920 natura
639 2859 677 2919 et
701 2854 805 2921 omni
829 2854 912 2920 eius
948 2852 1139 2920 memoria
1175 2852 1321 2919 concludi
1344 2853 1452 2936 possit

170 2963 218 3029 de'
235 2963 304 3029 eius
329 2963 465 3045 origine.
830 2959 832 2962 ’

275 3070 387 3153 Neque
411 3089 487 3136 vero
512 3089 669 3154 negamus
693 3071 780 3138 inter
805 3070 999 3154 Thucydidis
1022 3069 1172 3152 proprias
1197 3069 1355 3136 dictiones
1380 3086 1451 3134 esse

168 3178 339 3245 nonnullas
373 3198 450 3245 vere
473 3177 613 3260 Ionicos,
637 3179 727 3244 velut
751 3178 959 3262 participium
983 3178 1062 3242 illud
1087 3178 1158 3243 loco
1182 3176 1333 3243 adiectivi
1357 3194 1449 3241 usur·

168 3292 280 3368 patum
304 3286 515 3368 ἱκνούμενος,
552 3287 650 3352 Thuc.
675 3285 700 3352 Ι.
726 3288 784 3351 99;
822 3286 901 3352 socii
925 3286 1170 3353 Atheniensium
1191 3284 1352 3367 χρήματα
1376 3281 1450 3347 ἐνά-

168 3392 269 3476 ξαννο
306 3393 381 3460 ἀντὶ
415 3397 487 3460 τῶν
522 3397 612 3459 νεῶν
646 3392 686 3458 τὸ
716 3394 974 3476 ἱκνούμενον
1009 3389 1178 3476 ἀνάλωμα
1215 3393 1320 3475 φέρει.
1368 3390 1450 3457 Gon·

166 3500 253 3569 ieras
277 3503 409 3570 Dieneri
433 3522 463 3585 p.
492 3504 544 3584 34,
574 3502 629 3584 qui
653 3502 783 3585 quidem
806 3521 874 3569 rem
911 3520 974 3569 non
1000 3501 1080 3567 satis
1105 3500 1212 3584 ample
1249 3505 1282 3567 et
1319 3500 1449 3582 copiose

166 3610 329 3677 tractavit.

273 3720 429 3787 Diversae
466 3725 575 3787 autem
611 3719 809 3787 condicionis
845 3717 930 3785 aliae
959 3735 1053 3784 voces
1076 3717 1227 3784 ridentur
1251 3735 1333 3798 esse,
1369 3734 1449 3799 quas

168 3845 239 3893 curu
274 3847 351 3894 vere
385 3829 512 3895 Atticas
548 3827 704 3911 appelles,
741 3847 804 3894 nou
840 3826 1024 3909 decipiaris,
1066 3825 1155 3892 velut
1188 3824 1450 3891 terminationem

167 3940 197 4002 3.
235 3955 320 4019 pers.
356 3938 438 4018 plur.
480 3935 560 4019 perf.
592 3955 678 4019 pass.
714 3937 746 4001 in
781 3953 885 4017 -ococ,
922 3953 1005 4018 quae
1040 3935 1090 4000 vel
1125 3934 1158 3999 in
1193 3935 1298 4000 titulis
1334 3931 1450 3997 Atticis

166 4046 203 4110 V.
230 4046 350 4111 saeculi
386 4045 482 4110 obvie
518 4050 577 4126 cst,
615 4042 654 4110 of.
690 4044 821 4125 Diener,
857 4064 888 4127 p.
922 4046 1009 4126 hsq,
1045 4038 1237 4120 Wittekind,
1278 4058 1308 4120 p.
1343 4043 1382 4104 17
1390 4058 1449 4123 sq,

166 4152 395 4233 Meisterhaus,
437 4152 579 4219 Gramm.
616 4154 645 4216 d.
682 4158 744 4217 att.
779 4150 937 4233 Inschr.³,
973 4171 1004 4235 p.
1032 4153 1105 4232 166,
1125 4151 1155 4217 5.
1203 4150 1306 4215 Voces
1341 4152 1450 4213 autem

168 4261 367 4343 φερέγγυος,
404 4258 577 4344 πορθμὸς,
610 4261 726 4342 χῶρος
764 4266 824 4325 etc.
862 4259 947 4324 inira
988 4259 1216 4325 tractabuntur
1251 4256 1451 4340 Thucydides

165 4367 266 4448 igitur
305 4370 332 4434 si
372 4388 436 4435 non
477 4371 509 4434 in
553 4367 639 4434 omui
687 4385 780 4448 uoce,
821 4373 856 4432 at
894 4374 1002 4433 tamen
1043 4368 1076 4431 in
1116 4366 1279 4448 plerisque
1319 4365 1451 4432 Atticae

167 4475 381 4486 ——„-—

280 4528 301 4596 1)
320 4528 474 4593 Orationes,
495 4543 565 4598 quae
579 4527 759 4598 Antiphontis
772 4526 899 4582 feruntur
918 4541 987 4589 esse,
1005 4541 1059 4580 uon
1073 4525 1168 4581 eodem
1187 4525 1319 4581 ecolamo
1337 4524 1450 4581 fluxisse

165 4620 260 4673 uotum
280 4623 331 4673 est.
