3164 5176
596 266 817 327 ...Μ-.-

60 447 180 528 ‘acerui
203 443 331 529 βεβαίῳ
361 443 398 527 ἐξ
419 443 525 511 αὐτοῦ
549 443 660 527 ἔχοντι
687 442 749 526 τὴν
774 442 905 526 ἐγγύην,
941 447 978 508 ut
1000 448 1108 510 vertas
1147 463 1274 528 „neque
1298 442 1349 513 ca-

67 554 147 636 pitis
184 553 382 618 damnationi
416 553 506 620 velut
541 571 623 636 quae
652 557 799 635 praestet
833 549 890 634 (sc.
926 552 1114 634 republicae
1148 553 1287 620 salutem
1316 556 1348 620 in

67 660 214 727 futurum
238 659 382 744 tempus)
417 659 512 726 fidem
537 661 695 728 habentes
731 659 875 726 deterius
911 659 1079 726 consulere
1102 678 1236 727 necesse
1266 664 1349 730 est.“

59 769 182 852 ‚ltaque
206 787 285 844 rem,
321 769 372 833 cui
406 767 487 834 fides
516 769 666 835 habenda
700 787 761 833 non
789 767 841 842 sit,
876 771 971 834 vocat
1006 765 1205 851 ἀνεχὲγγυος
1226 769 1281 835 IV.
1307 772 1348 836 55

70 875 183 960 ᾤοντο
212 875 479 959 ἁμορυησυσθαι
502 875 558 942 διὰ
580 874 620 941 τὸ
641 874 705 958 τὴν
721 875 860 958 γνώμην
885 874 1132 958 ἀνεχέγγυον
1146 877 1349 962 γεγενῆσθαι

67 984 107 1050 ἐκ
130 987 194 1068 τῆς
216 984 297 1066 πρὶν
332 982 479 1066 ἀηθείας
513 988 575 1050 τοῦ
604 986 842 1066 κοινοπραγεῖν.
890 983 1047 1050 Similiter
1071 983 1246 1068 Sophocles
1271 986 1350 1054 Oed.

69 1092 136 1159 Ool.
158 1094 223 1157 284
240 1092 325 1157 trim.
351 1088 467 1175 ὥσπερ
485 1089 607 1175 ἔλαβες
629 1089 690 1157 τὸν
707 1090 821 1173 ἱκέτην
844 1090 1051 1174 ἐχέγγυον,
1078 1092 1177 1159 schol.
1203 1093 1344 1178 ἀσφαλῆ

69 1201 177 1284 Atque
200 1200 372 1282 Euripides
388 1200 472 1280 Med.
499 1200 563 1266 388
588 1199 673 1266 trim.
698 1199 750 1278 τις
772 1201 834 1280 γῆν
858 1195 988 1263 ἄσυλον
1010 1199 1068 1264 καὶ
1092 1192 1222 1283 δόμους
1245 1201 1351 1284 ἐχεγ-

68 1309 195 1392 γύους
218 1307 314 1390 ξένος
337 1307 536 1390 παρασχών,
563 1308 643 1373 item
668 1307 765 1372 Andr.
793 1307 855 1371 192
880 1306 977 1390 trim,
1014 1304 1136 1374 Phoen.
1163 1311 1226 1372 759
1251 1309 1350 1391 trim,

68 1415 130 1498 irg.
156 1416 268 1498 adesp.
293 1417 359 1480 494
382 1416 468 1480 trim.
517 1415 613 1498 Apud
636 1414 804 1480 Platonem
837 1419 945 1479 autem
969 1433 1032 1480 non
1049 1420 1173 1497 exstat,
1210 1416 1272 1482 etsi
1296 1415 1349 1480 Ti·

70 1543 183 1591 maeus
205 1524 239 1589 in
263 1524 326 1589 lex.
340 1523 467 1589 Platon.
491 1541 601 1588 uocem
626 1522 765 1589 exhibet.
792 1559 793 1564 κ
815 1521 935 1588 Contra
951 1523 1149 1589 recentiores
1175 1523 1352 1605 scriptores

70 1632 139 1699 eius
174 1630 336 1698 scribendi
361 1631 500 1716 generis,
538 1650 600 1714 quo
625 1631 818 1697 Plutarchus
854 1635 888 1696 et
912 1631 1071 1697 Lucienus
1107 1631 1155 1696 uti
1191 1631 1350 1712 solebant,

70 1759 141 1806 eam
176 1759 273 1807 sensu
308 1740 498 1806 contritiore
534 1758 626 1823 „par,
663 1737 820 1806 idoneus“
861 1739 1072 1822 scripserunt,
1114 1757 1183 1804 cum
1220 1739 1352 1822 linguae

70 1849 246 1914 communis
270 1848 492 1914 testimonium
516 1852 639 1914 eertum
664 1846 768 1913 adhuc
792 1851 957 1930 repertum
981 1865 1046 1912 non
1070 1846 1123 1912 sit.

176 1955 279 2022 Huius
304 1957 405 2039 igitur
427 1955 515 2022 vocis
550 1955 705 2020 memoria
729 1973 842 2022 ansam
865 1955 995 2020 omnino
1020 1973 1084 2020 non
1107 1954 1258 2037 praebet,
1295 1972 1353 2019 cur

69 2082 141 2130 eam
164 2063 294 2129 Ionibus
318 2064 526 2146 vindicemus,
562 2082 620 2129 nec
651 2082 727 2129 vero
751 2063 829 2129 licet
864 2081 935 2128 eam
963 2082 983 2128 a
1006 2063 1176 2145 superiore
1200 2081 1277 2128 voce
1302 2080 1351 2126 se-

70 2190 213 2253 cernere,
237 2174 431 2254 praesertim
455 2191 527 2238 cum
549 2173 616 2239 veri
634 2172 774 2254 speciem
790 2190 870 2252 prae
893 2188 929 2236 se
952 2169 1037 2236 ferat
1053 2176 1224 2254 utramque
1240 2189 1351 2236 uocem

65 2298 110 2345 ex
134 2298 280 2347 sermone
305 2281 486 2347 Atticorum
521 2281 665 2346 iudiciali
689 2279 840 2345 haustam
869 2297 950 2358 esse,
986 2279 1019 2343 in
1056 2297 1119 2361 quo
1143 2296 1241 2361 saepe
1262 2278 1351 2344 uadi·

69 2388 250 2454 moniorum
273 2389 395 2458 mentio
431 2387 579 2455 faciende
613 2393 692 2455 erat.
748 2387 841 2453 Alter
876 2387 988 2470 igitur,
1026 2388 1077 2455 cui
1112 2388 1182 2454 sine
1217 2385 1352 2451 cautelis

70 2497 223 2574 creditur,
249 2496 403 2580 ἐχέγγυος
424 2502 484 2577 est,
509 2496 603 2578 alter,
630 2497 680 2562 cui
696 2500 846 2579 praestat
867 2496 993 2578 aliquis,
1020 2496 1214 2580 φερέγγυος.
1262 2493 1352 2572 Quae

69 2622 123 2670 res
168 2603 241 2670 ideo
289 2604 387 2670 dubia
424 2609 544 2686 manet,
593 2605 679 2688 quod
715 2622 755 2669 ne
801 2604 928 2671 Solonis
966 2605 1095 2687 quidem
1139 2603 1247 2684 legum
1286 2620 1352 2667 ser·

69 2729 196 2776 monem
220 2712 300 2778 satis
325 2712 525 2794 exploratum
549 2712 714 2794 habemus,
749 2712 804 2795 qni
835 2717 991 2796 quantum
1015 2731 1035 2776 a
1057 2710 1111 2776 IV.
1139 2711 1259 2777 saeculi
1283 2728 1351 2775 scr·

68 2836 164 2884 moue
187 2818 315 2900 afuerit,
351 2823 461 2885 notum
486 2825 536 2886 cst
560 2839 598 2884 ex
627 2818 819 2902 fragmentis
849 2821 936 2902 apud
958 2820 1088 2903 Lysiam
1112 2838 1156 2884 or.
1186 2821 1226 2884 10
1251 2823 1284 2882 et
1310 2817 1347 2881 li

68 2928 225 2994 seruatis.

635 3122 777 3192 AKTH.

178 3270 459 3336 Praetermisimus
491 3270 596 3336 adhuc
626 3288 747 3352 vocem,
783 3286 879 3351 quam
915 3268 979 3332 iarn
1011 3263 1260 3333 Rutherfordins
1283 3264 1306 3330 l.
1324 3282 1351 3330 c.

67 3400 101 3463 p.
133 3382 171 3444 11
218 3377 311 3443 firmo
347 3383 536 3461 argumento
572 3377 730 3443 adductus
770 3377 897 3458 priscae
936 3374 1063 3440 Atthidi
1102 3373 1228 3455 tribuit,
1268 3391 1352 3457 qnae

69 3487 218 3571 quaestio
242 3487 336 3553 nobis
359 3486 568 3552 retractanda
592 3491 652 3568 est,
688 3490 860 3568 postquam
883 3482 1075 3549 Wittelrind.
1100 3501 1132 3566 p.
1158 3482 1199 3546 39
1208 3499 1255 3565 sq.
1281 3497 1352 3545 eam

71 3596 160 3660 inter
183 3595 339 3661 vocabula
361 3594 473 3660 Ionica
495 3593 614 3678 posuit.

180 3701 264 3786 ἀκτή
288 3703 459 3770 notissima
494 3707 545 3770 est
567 3721 629 3768 uox
653 3702 685 3767 in
710 3701 906 3768 Graecorum
930 3704 1100 3782 poetarum
1124 3715 1282 3771 sermone,
1319 3696 1353 3762 in

68 3811 215 3895 pedestri
239 3815 346 3876 autem
364 3811 522 3877 Herodoti
545 3810 614 3878 lere
638 3811 737 3877 solius
762 3827 909 3876 sermone
934 3808 1028 3875 obvia
1051 3812 1160 3872 tamen
1177 3803 1352 3888 aliquando

70 3920 224 3987 usitatior
248 3920 325 4002 ruit,
347 3922 433 4004 quod
457 3923 585 3987 nomine
609 3920 741 4005 proprio
768 3915 864 4001 Ἀκτή
895 3915 1124 3999 comprobatur
1147 3932 1217 3980 curn
1234 3912 1352 3977 'multis

75 4027 232 4092 Graeciae
269 4028 420 4110 gentibus
456 4036 524 4096 turn
549 4028 878 4096 Atheniensibus
902 4027 1034 4093 usitato.
1083 4023 1196 4104 Itaque
1221 4020 1353 4088 dubium

70 4140 220 4215 nonest,
256 4136 333 4218 quin
358 4134 444 4218 ἀκυη
467 4157 538 4204 nou⁴
552 4136 661 4202 Attica
694 4134 802 4200 fuerit.
850 4134 943 4199 Hanc
972 4127 1195 4197 Ruthertordii
1226 4129 1353 4210 exposi-

70 4243 191 4308 tionem
216 4248 249 4309 et
266 4243 455 4326 augebimus
479 4249 511 4308 et
528 4241 797 4324 confirmabimus,
823 4260 894 4307 cum
912 4258 1037 4307 omnem
1060 4237 1148 4304 vocis
1164 4236 1352 4303 memoriam

72 4369 293 4434 congeramus.

177 4459 310 4525 Initium
344 4457 445 4541 igitur
474 4457 664 4540 capiendum
698 4456 792 4524 nobis
828 4461 878 4523 est
912 4456 953 4523 ab
976 4453 1111 4521 Homeri
1145 4452 1353 4531 carminibus,

71 4585 136 4651 qua
167 4569 272 4634 dere
301 4565 446 4635 conferas
475 4564 638 4649 Ebelingii
673 4566 735 4631 lex.
764 4564 858 4631 Hom.
883 4582 909 4631 s.
926 4583 954 4630 v.
985 4558 1084 4644 Ἀκυη
1117 4558 1269 4645 opposita
1304 4561 1355 4624 est
