3232 5176
599 890 995 994 PRAEFATIO.

267 1242 353 1308 Anni
389 1245 494 1324 spatio
518 1244 748 1325 praetermisso
784 1242 863 1307 haee
892 1242 1079 1308 dissertatio
1115 1242 1240 1307 dnobus
1277 1243 1437 1325 capitibus

163 1355 259 1415 aucta
274 1355 308 1416 et
331 1369 416 1416 nunc
431 1350 570 1433 primum
587 1349 735 1417 coniecta
750 1349 963 1433 conclusaque
987 1350 1104 1415 iterum
1128 1350 1161 1415 in
1185 1351 1287 1416 lucem
1304 1349 1435 1432 prodiit.

158 1456 230 1550 Etsi
254 1458 424 1524 materiam
447 1457 744 1540 locupletissimam,
770 1476 866 1542 quam
889 1463 1093 1541 pertractare
1116 1458 1210 1525 nobis
1234 1459 1437 1542 propositum

160 1569 241 1644 erat,
266 1564 355 1631 nullo
382 1565 477 1631 modo
508 1565 684 1646 hausimus,
709 1571 818 1632 temen
841 1565 923 1631 satis
938 1565 1108 1632 habuimus
1131 1566 1221 1647 haec,
1246 1587 1327 1651 quae
1352 1569 1436 1635 inse-

161 1675 315 1754 quuntur,
339 1674 404 1739 tria
420 1673 529 1754 capita
545 1691 616 1739 cum
632 1673 871 1757 prolegomenis
888 1673 1101 1754 conscribere,
1127 1693 1191 1757 qua
1213 1675 1246 1739 in
1269 1692 1305 1740 re
1330 1676 1436 1745 conati

161 1801 273 1849 sumus
289 1802 353 1849 non
370 1786 436 1847 tam
452 1781 623 1849 uniuersae
640 1781 838 1865 Aeschyleae
854 1781 1005 1848 dictionis
1022 1782 1115 1865 quasi
1131 1782 1304 1862 imaginem
1327 1784 1446 1849 adum·

160 1891 264 1970 brare,
303 1908 399 1973 quam
427 1890 460 1954 in
491 1893 584 1955 tanta
606 1888 779 1955 verborum
802 1888 887 1954 mole
911 1897 944 1956 et
979 1894 1072 1956 tanto
1099 1889 1242 1955 virorum
1272 1890 1438 1957 doctorum

160 1998 311 2065 dissensu
338 1997 391 2062 hic
415 2004 448 2062 et
471 1997 539 2062 illic
568 2002 692 2063 certum
721 1996 919 2080 quaestionis
947 1994 1191 2063 fundamentum
1217 1997 1334 2066 iacere.
1382 1999 1437 2062 dt-

65 2174 67 2180 ,
161 2123 223 2188 que
259 2105 381 2189 aliquid
416 2104 545 2187 quidem
576 2103 752 2186 profecisse
787 2105 881 2171 nobis
909 2104 1100 2184 videbimur,
1135 2105 1164 2170 si
1198 2124 1258 2171 nec
1281 2105 1438 2172 materiae

161 2218 305 2294 nostrae,
342 2231 442 2295 quam·
462 2211 609 2294 nudique
629 2212 860 2296 congessimus,
891 2212 984 2293 copia
1008 2231 1028 2276 a
1050 2211 1250 2295 perfectione
1273 2213 1377 2296 nimis,
1392 2214 1438 2285 di.-

160 2321 262 2387 stabit
285 2338 344 2387 nec
368 2319 420 2384 via
443 2338 502 2384 nec
525 2319 620 2399 ratio,
647 2338 710 2402 qua
734 2320 774 2386 de
790 2320 989 2414 singularum
1006 2338 1118 2388 vocum
1140 2320 1295 2386 memoria
1318 2320 1438 2386 iudica·

159 2428 271 2502 vimus,
297 2427 505 2511 diplicebunt.
551 2426 589 2493 In
606 2427 788 2511 colligenda
803 2427 932 2511 quidem
948 2428 1086 2494 materia
1102 2428 1198 2510 longe
1215 2427 1438 2494 difficillimum

157 2535 220 2602 fuit
243 2535 383 2618 vestigia
406 2533 536 2600 dialecti
552 2534 681 2601 Ionicae
698 2535 861 2619 consequi,
886 2553 955 2601 cum
976 2527 1229 2606 'lexicaillorum
1245 2536 1438 2618 scriptorum

158 2645 248 2710 uelut
261 2642 430 2726 Herodoti,
446 2640 656 2724 Hippocratis
673 2643 714 2707 al.
732 2643 857 2724 copiam
869 2641 1041 2711 verborum
1056 2643 1144 2711 nullo
1163 2644 1256 2710 modo
1275 2643 1438 2715 hauriunt.

267 2749 398 2817 Gratias
423 2767 519 2832 quam
543 2748 700 2831 plurimas
724 2749 784 2816 hoc
802 2749 872 2816 loco
889 2750 924 2814 F.
942 2749 1122 2816 Solmseuio
1139 2769 1211 2832 ago,
1237 2752 1288 2816 cui
1311 2769 1438 2817 sacrum

158 2859 243 2924 hunc
266 2857 410 2924 libellum
434 2874 505 2922 esse
528 2857 630 2933 uolui;
654 2875 729 2923 nom
752 2857 780 2924 is
804 2876 867 2922 non
884 2859 988 2925 solum
1012 2859 1095 2923 viam
1120 2858 1221 2924 totius
1238 2859 1438 2942 quaestionis

159 2966 237 3032 mihi
262 2965 401 3048 aperuit,
431 2963 663 3030 verumetiam
693 2970 727 3030 et
749 2965 783 3031 in
807 2965 989 3048 colligenda
1017 2966 1156 3032 materia
1185 2971 1218 3032 et
1242 2967 1275 3032 in
1298 2967 1438 3033 conscri-

159 3074 265 3140 benda
289 3072 519 3139 dissertatione
555 3071 674 3152 insigni
705 3091 775 3138 curn
807 3073 1026 3140 benivolentia
1049 3092 1100 3140 me
1123 3073 1257 3154 adiuuit,
1292 3091 1438 3139 necnon

159 3181 197 3249 A.
214 3181 434 3248 Brinkmanno
451 3179 590 3261 gratiam
614 3178 727 3260 habeo,
753 3181 838 3263 quod
861 3181 893 3246 in
912 3180 1082 3273 scribendo
1106 3180 1215 3246 libello
1239 3181 1337 3248 iudex
1360 3180 1438 3247 mihi

164 3289 372 3374 grauissimus
396 3286 467 3354 tuit.

268 3431 436 3514 Marpurgi
460 3429 660 3511 Chattorum,
685 3449 796 3497 mense
819 3430 970 3497 Ianuario
998 3431 1092 3498 1906.
