3232 5176
675 340 874 408 ‚3-

243 521 413 590 Ordiamur
447 522 547 607 igitur
583 521 623 587 ab
657 523 698 588 iis
733 521 861 608 formis,
897 541 979 606 quae
1016 541 1120 607 neque
1149 523 1275 590 Atticae
1308 544 1412 608 neque

137 633 276 707 lonicae,
313 632 370 696 sed
398 632 518 713 partim
541 630 762 713 Doriensibus,
797 632 916 712 partim
939 631 1047 697 Aeolis
1072 630 1298 698 attribuendae
1323 638 1419 699 sunt:

249 736 399 804 Ἀάάνο
424 739 511 821 Sept.
523 737 546 822 ¹)
571 739 634 803 487
653 739 757 824 (470),
781 739 837 804 ubi
854 736 976 819 Ὄγκας
995 736 1143 819 Ἂάάνος
1158 739 1289 820 legitur,
1314 741 1417 806 selum

140 843 243 928 Ὄγκα
267 853 439 929 praeterea
460 845 547 927 Sept.
567 848 629 910 501
648 847 740 930 (484)
757 847 841 911 trim.
863 848 925 911 164
944 848 1036 931 (149)
1059 848 1143 912 cher.
1172 843 1296 912 ’4οάνο
1321 848 1413 913 Eum.

139 956 202 1019 235
228 955 333 1038 (233),
369 956 433 1018 443
459 952 561 1041 (439),
599 955 663 1018 892
688 954 791 1037 (874),
823 960 935 1020 centra
964 950 1129 1036 Ἂάογναια
1157 955 1298 1022 traditur
1322 957 1414 1021 Eum.

143 1065 206 1129 288
232 1062 335 1146 (284),
362 1064 425 1127 299
450 1061 553 1146 (295),
580 1063 643 1125 614
669 1058 772 1147 (604).

243 1156 348 1251 ἁμάς
381 1189 439 1252 pre
476 1168 558 1251 ἐμάς
590 1168 699 1252 Suppl.
727 1171 790 1234 322
821 1170 927 1254 (309),
964 1168 1053 1252 Sept.
1084 1170 1148 1234 654
1182 1170 1276 1254 (637)
1312 1174 1416 1236 metro

47 1337 51 1347 .
138 1278 333 1359 postulante,
359 1277 449 1342 Eum.
469 1278 533 1341 440
551 1277 644 1359 (436)
669 1295 751 1343 rece.
770 1278 860 1343 codd.
879 1276 1031 1343 exhibent
1054 1276 1138 1360 ἐμῆς
1160 1278 1268 1359 priore
1292 1278 1416 1361 syllaba

138 1386 286 1467 ancipiti3
313 1385 395 1450 adde
421 1386 453 1450 in
478 1384 612 1450 canticis
637 1383 748 1467 Suppl.
769 1387 831 1449 106
848 1386 930 1470 (99),
956 1383 1043 1467 Sept.
1062 1387 1126 1449 417
1144 1386 1247 1471 (400),
1274 1384 1414 1467 Cheeph.

138 1495 202 1557 428
226 1493 331 1578 (416),
357 1494 419 1557 437
447 1493 552 1575 (425).

243 1598 423 1682 γαμόρος
446 1599 558 1683 Suppl.
583 1601 645 1664 613
671 1599 774 1684 (593),
798 1600 890 1664 Eum.
916 1601 981 1665 890
1005 1601 1111 1685 (872);
1136 1597 1285 1681 γάκεάον
1308 1601 1414 1666 Prom.

138 1709 201 1773 829
226 1708 320 1792 (827)
349 1708 454 1773 restit.
478 1707 600 1772 Person
630 1726 688 1788 pre
719 1704 868 1772 δάπεδον
897 1712 1000 1774 matre
1024 1709 1226 1790 postulante3
1264 1707 1414 1788 γάαονος

137 1817 225 1882 Pers,
253 1816 314 1879 621
341 1816 444 1899 (619),
470 1813 612 1897 Cheeph.
638 1816 678 1878 97
705 1815 786 1899 (90),
816 1816 875 1879 163
901 1814 1008 1899 (157);
1032 1815 1182 1898 γατάμος
1205 1814 1265 1898 frg.
1285 1816 1357 1882 196.
1384 1816 1414 1879 3.

245 1921 373 2005 ὁορόν
398 1923 507 2005 Suppl.
535 1925 598 1986 516
624 1923 729 2005 (498),
761 1922 867 1988 Prem.
893 1924 955 1987 648
980 1923 1084 2008 (647),
1110 1924 1173 1987 940
1199 1923 1309 2005 (939);
1334 1921 1416 1987 adde

138 2033 171 2098 in
196 2031 320 2097 cantico
346 2028 507 2113 ὁοράβιος
531 2030 620 2112 Sept.
640 2031 704 2094 524
728 2029 833 2111 (507).

244 2135 525 2221 ἑβὸομογένας
546 2139 585 2202 14
603 2137 751 2219 Apolline
768 2136 858 2220 Sept.
877 2137 941 2201 800
958 2136 1067 2221 (783);
1093 2133 1289 2217 ἱκεναὸάκος
1305 2136 1416 2218 Suppl.

138 2248 201 2311 713
226 2247 334 2331 (679);
359 2242 537 2327 λοχαγέται
565 2244 653 2327 Sept.
673 2246 725 2311 42.

244 2350 353 2417 ἕκατι
386 2352 476 2417 Pers.
501 2354 564 2416 347
590 2352 694 2436 (335),
732 2353 790 2434 Ag.
816 2351 880 2414 874
906 2349 1013 2434 (838),
1050 2349 1191 2433 Cheeph.
1218 2352 1282 2415 214
1313 2350 1418 2433 (206),

138 2462 199 2524 701
226 2459 328 2545 (682),
353 2461 416 2524 996
435 2460 542 2543 (993),
566 2461 657 2527 Eum.
677 2462 730 2532 71,
756 2461 818 2523 759
836 2457 947 2543 (749),
972 2458 1053 2524 adde
1076 2459 1109 2523 in
1135 2458 1257 2524 cantico
1276 2457 1415 2540 Choeph.

139 2567 203 2631 436
228 2567 321 2651 (424)
335 2586 384 2650 sq.

246 2671 377 2756 ἔμπας
410 2675 516 2739 Prem.
541 2677 595 2751 48,
632 2673 770 2755 Checph.
791 2675 852 2738 691
881 2671 973 2754 (672)
998 2673 1034 2737 ci:
1059 2673 1154 2737 Laur.
1179 2666 1286 2751 ἐνκάς
1314 2672 1352 2738 41.
1378 2673 1417 2739 de

140 2781 350 2847 Wilamowitz
373 2782 415 2847 ad
438 2782 521 2848 huno
536 2783 641 2847 lecum
665 2801 695 2863 p.
715 2783 789 2862 218,
815 2781 904 2845 Eum.
923 2781 986 2844 229
1004 2779 1112 2865 (227);
1137 2781 1218 2846 adde
1233 2780 1265 2844 in
1283 2780 1415 2846 canticis

141 2887 250 2970 Suppl.
270 2890 327 2953 101
351 2887 431 2971 (95),
455 2889 559 2954 Prem.
581 2892 642 2955 187
661 2888 754 2974 (190)
779 2890 811 2971 ἄ,
837 2887 981 2970 Oheeph.
1006 2889 1069 2953 389
1096 2887 1198 2970 (378).
1244 2887 1315 2953 Uno
1334 2887 1413 2970 Sup-

138 2996 270 3079 plicium
297 2996 366 3061 lece
396 3018 417 3061 α
444 2997 564 3062 uocalis
596 2997 799 3079 producitur,
835 2996 968 3078 reliquis
997 3001 1055 3090 aut
1082 3014 1200 3078 anceps
1229 3000 1285 3059 aut
1308 2994 1414 3060 breuis

140 3109 199 3184 est,
235 3123 335 3187 quare
363 3104 402 3168 de
426 3103 638 3168 Wilamowitz
671 3102 805 3170 formam
829 3104 1050 3170 secundariam
1076 3101 1188 3186 1144ος
1211 3102 1415 3168 statuendam

139 3229 210 3277 csse
236 3211 369 3292 censuit,
394 3230 476 3293 quae
500 3212 599 3277 etiam
622 3211 655 3276 in
673 3210 789 3277 Callini
809 3211 869 3293 frg.
891 3215 918 3277 1.
939 3214 978 3276 16
1004 3212 1160 3277 traditur:
1186 3210 1275 3276 cedd.
1292 3204 1413 3291 ἔγνκάς,

140 3319 210 3383 411.
237 3316 356 3401 ἔμπης,
390 3320 463 3385 vide
488 3318 669 3385 Hoffmanni
694 3319 748 3385 Gr.
775 3318 849 3386 dial.
874 3319 922 3383 Ill
951 3338 981 3400 p.
1001 3321 1080 3398 3063
1128 3318 1165 3384 cf.
1190 3317 1290 3383 schel.
1315 3315 1413 3398 Soph.

140 3427 286 3491 111122
321 3423 435 3505 Ἴωνες
464 3424 573 3508 ἕμκνγς
603 3426 717 3509 φασὶν,
753 3423 895 3491 maruno
919 3422 957 3490 01
981 3423 1092 3507 ἔμπας
1115 3425 1172 3488 καὶ
1196 3422 1296 3506 ἔμπα.
1343 3424 1412 3488 Hoc

140 3537 229 3600 extat
251 3534 337 3615 apud
359 3532 450 3597 Pind.
476 3532 566 3598 Nem.
591 3533 646 3600 IV.
664 3535 705 3597 37
732 3538 764 3599 41
788 3533 884 3614 Soph.
910 3533 959 3598 Ai.
978 3533 1041 3595 563
1066 3533 1150 3598 trim.

245 3637 459 3722 κάρβανος
483 3640 592 3722 Suppl.
612 3642 676 3704 914
699 3637 804 3725 (881),
828 3641 887 3721 Ag.
908 3641 990 3704 1061
1016 3640 1148 3723 (1014);
1177 3639 1258 3704 adde
1282 3638 1315 3703 in
1340 3655 1412 3702 can·

140 3747 204 3813 tice
229 3747 339 3830 Suppl.
359 3750 420 3814 119
446 3748 550 3831 (109).

245 3851 343 3936 λαός
365 3854 454 3920 Pers.
472 3858 535 3919 729
554 3856 657 3940 (720),
684 3857 747 3919 770
764 3854 868 3938 (762),
894 3854 1003 3937 Suppl.
1022 3855 1086 3918 367
1104 3855 1207 3939 (352),
1227 3853 1289 3916 517
1308 3851 1411 3938 (500),

139 3959 199 4043 frg.
230 3963 304 4030 313.
327 3965 361 4042 2;
398 3963 480 4028 adde
515 3963 548 4028 in
584 3962 716 4029 canticis
751 3964 840 4029 Pers.
869 3964 922 4044 92,
956 3963 1018 4027 593
1049 3960 1150 4047 (591),
1189 3957 1272 4024 1025
1307 3961 1412 4042 (995),

247 4174 268 4243 ι)
297 4173 424 4244 Aeschyli
457 4175 613 4242 tragoedias
647 4174 795 4230 seeundum
829 4178 982 4245 temporum
1011 4173 1141 4239 ordinem,
1170 4168 1268 4242 quibus
1289 4188 1412 4242 quaeque

139 4262 232 4317 fabula
250 4265 312 4318 acta
329 4263 446 4332 uidetur,
465 4264 607 4318 attulimus
626 4264 714 4319 secuti
732 4262 784 4317 hae
803 4265 832 4318 in
850 4281 879 4318 re
898 4261 1099 4319 Dieterichium
1117 4261 1190 4331 apud
1208 4261 1412 4330 Pauly-Wisse·

138 4369 207 4406 wem
230 4369 250 4409 s.
270 4369 295 4406 v.
314 4352 467 4422 dischyles,
495 4354 542 4423 qui
560 4353 633 4407 hune
652 4353 774 4407 ordinem
794 4353 993 4423 comprobavit:
1021 4352 1098 4405 Pers.
1118 4349 1212 4420 Suppl.
1231 4350 1305 4420 Sept.
1325 4350 1414 4403 Prem.

139 4441 238 4510 Orest,
266 4442 318 4496 etsi
345 4442 378 4497 de
405 4442 567 4497 Prometheo
596 4443 720 4498 dubitare
748 4443 822 4497 licet.
859 4443 994 4498 Versuum
1013 4440 1229 4496 dinumeratione
1254 4439 1298 4493 usi
1321 4454 1414 4492 sumus

139 4530 284 4600 Dinderfli,
311 4533 388 4586 uneis
410 4531 531 4586 inclusos
553 4548 680 4588 numeros
699 4531 920 4587 Kirchheifianes
942 4531 1100 4586 adiecimus.
1135 4528 1238 4584 Ultimo
1256 4528 1317 4582 lece
1336 4528 1412 4595 frag·

140 4623 233 4674 menta
249 4621 398 4676 secundum
415 4621 533 4676 Nauckii
552 4623 594 4677 ed.
613 4621 664 4677 alt.
681 4622 830 4693 posuimus.

1224 4704 1256 4762 1*
