3232 5176
749 283 991 350 -100-

232 483 263 547 p,
289 463 386 528 402Β
424 460 487 529 οάκ
515 458 628 543 ἀγνοῶ
661 461 696 529 δ’
721 461 774 528 dcc
805 465 837 528 οί
871 462 949 546 περί
987 461 1050 545 σὴν
1079 459 1237 528 Σικελίαν
1271 466 1515 544 κατοικοῦντες

233 568 469 654 ἀσχέδωρον
497 567 640 635 καλοῦσι
666 569 727 635 σὸν
751 572 908 653 σύαγρον.
957 568 1165 654 Αἰσχύλος
1192 575 1275 653 γοῦν
1299 571 1336 636 έν
1362 569 1515 653 Φορκίσι

232 676 447 761 παρεικάζων
470 676 531 743 σὸν
553 674 690 760 Περσέα
713 682 762 761 τῷ
788 678 893 762 ἀγρίῳ
917 680 1029 762 τούτῳ
1055 680 1110 744 σοί
1134 698 1238 762 φησιν
1262 678 1336 766 (hg.
1362 681 1453 760 261).

537 782 596 850 ἔδυ
621 783 654 850 δ’
679 785 715 867 ές
738 783 863 869 ἄντρον
888 784 1125 870 ἀσχέδωρος
1148 784 1206 867 ὥς.

234 894 292 959 καί
315 891 442 975 Σκίρας
471 891 535 978 (είς
559 890 594 956 δ’
624 892 715 958 έσσίν
738 892 842 975 οὗτος
869 897 932 977 σῆς
960 892 1120 978 Ἰταλικῆς
1148 892 1364 978 καλουμένης
1391 912 1517 976 κωμῳ-

232 996 308 1083 δίας
341 998 488 1083 ποιητὴς
517 999 614 1080 γένος
648 996 869 1082 Ταραντῖνος)
900 1001 936 1066 έν
964 998 1152 1084 Μελεάγρῳ
1179 1003 1284 1085 φησίν
1307 1000 1379 1087 (lrg.
1409 1006 1437 1082 1,
1462 1020 1515 1083 ap.

230 1107 414 1176 Kaibelium
439 1127 470 1189 p.
499 1109 585 1192 190).

446 1211 524 1279 ἀνδ’
551 1211 631 1280 οὔτε
653 1214 783 1299 ποιμὴν
807 1213 898 1298 ἀξιοῖ
917 1216 1032 1297 νέμειν
1054 1213 1142 1300 βοτὰ

445 1318 521 1386 οὔτ’
548 1318 787 1405 ἀσχέδωρος
808 1322 998 1405 νεμόμενος
1020 1319 1245 1405 κασρῴζεσαι.

232 1425 284 1494 ὅτι
308 1426 346 1493 δέ
369 1425 542 1510 Αἰσχύλος
569 1425 754 1511 διατρίψας
783 1429 820 1494 έν
843 1426 981 1511 Σικελία
1004 1425 1186 1509 ιισλλαῖς
1213 1430 1411 1513 κέχρησαι
1436 1450 1514 1514 φω-

229 1541 321 1616 ναῖς
343 1531 581 1618 Σικελικαῖς
606 1534 708 1602 οδδέν
730 1533 946 1619 δασμασσόν.

336 1642 385 1706 Ex
420 1643 531 1710 eodem
561 1642 652 1710 fonte
679 1643 798 1710 hausta
828 1649 913 1725 suut,
950 1663 1033 1726 quae
1068 1643 1207 1711 afferunt
1235 1645 1415 1729 Hesychius
1440 1664 1466 1713 s.
1483 1665 1513 1711 v.

230 1748 314 1832 ἀσχ,
344 1748 535 1837 Eustatbius
565 1751 607 1817 ad
629 1751 724 1818 Hom.
748 1772 781 1834 p.
807 1755 882 1818 774.
900 1752 952 1839 23,
986 1753 1080 1818 1872.
1100 1753 1130 1833 3,
1159 1753 1210 1833 13,
1235 1753 1375 1820 Bekheri
1400 1754 1513 1819 anecd.

229 1877 260 1939 p.
284 1854 359 1922 457.
380 1857 432 1923 21.
480 1858 622 1937 Quorum
647 1865 762 1926 auctor
789 1866 842 1927 est
864 1861 1099 1943 Aristophanes
1124 1860 1312 1944 Byzantius,
1348 1880 1442 1944 quem
1473 1861 1514 1927 de

228 1982 305 2030 voce
330 1961 526 2048 ἀσχέδωρος
542 1967 712 2049 scripsisse
729 1968 825 2035 testis
851 1974 901 2035 est
917 1968 1009 2033 Eust.
1034 1987 1066 2050 p.
1094 1966 1262 2050 187213,
1287 1967 1326 2035 α1.
1344 1966 1513 2051 Aristoph.

228 2071 287 2154 frg.
314 2073 400 2154 apud
415 2071 597 2139 Nauolrium
622 2094 653 2157 p.
681 2077 754 2141 118.
788 2076 836 2141 Ad
861 2095 934 2141 eum
959 2075 1057 2141 etiam
1072 2075 1257 2141 Macrobius
1281 2074 1415 2155 recedit,
1442 2093 1514 2140 cum

229 2179 316 2244 dicat
351 2184 412 2245 sat.
444 2182 544 2248 nra.
566 2184 604 2244 17
643 2181 841 2266 „Aeschylus
876 2182 1031 2265 tragicus
1066 2183 1117 2247 vir
1151 2182 1263 2264 utique
1293 2181 1440 2248 Siculus“
1480 2186 1515 2248 et

229 2287 379 2353 Meiueke
395 2285 457 2369 irg.
476 2306 555 2355 com.
579 2288 621 2353 II.
646 2308 677 2371 p.
703 2291 767 2354 307
792 2289 1002 2374 „Aeschylus
1027 2295 1124 2371 poeta
1141 2288 1320 2355 Sicularum
1336 2288 1513 2354 formarum

231 2394 521 2462 studiosissimus.“

335 2502 373 2568 Id
396 2506 569 2569 statuimus
593 2522 706 2569 rocem
731 2501 928 2588 ἀσχέδωρος
952 2503 1037 2587 apud
1062 2503 1252 2587 Aeschylum
1277 2504 1418 2571 Siculam
1443 2505 1513 2571 sive

229 2609 413 2676 Siceliotam
452 2610 562 2685 fuisse,
609 2630 680 2676 cum
721 2611 948 2694 Aristophanis
993 2612 1184 2686 doctrinam,
1230 2613 1331 2696 quod
1375 2612 1512 2678 multis

228 2718 360 2784 vocibus
385 2717 503 2784 Siculis
540 2737 617 2785 usus
652 2720 705 2803 sit,
741 2719 769 2785 si
801 2719 929 2802 quidem
964 2738 1003 2784 ea
1032 2738 1160 2803 quoque
1190 2718 1417 2802 Aristophanis
1454 2737 1513 2785 uec

229 2827 337 2907 potius
362 2826 519 2894 Athenaei
545 2832 606 2909 est,
632 2828 724 2894 valde
749 2827 881 2894 dubiam
903 2845 975 2894 esse
992 2844 1180 2893 censeamus
1205 2832 1237 2891 et
1261 2828 1404 2909 diguam,
1428 2844 1513 2908 quae

229 2933 439 2999 examinetur.
490 2934 624 3001 Initium
659 2939 768 3000 autem
804 2935 969 3016 capiamus
1005 2953 1025 3000 a
1059 2935 1229 3016 tragoedia
1263 2938 1395 3016 praeter
1431 2933 1513 2999 alias

229 3039 383 3106 Siceliota
406 3041 633 3123 Aetnaearnm‚
666 3042 698 3106 iu
723 3060 786 3124 qua
810 3041 847 3106 di
871 3040 1002 3106 Palici
1034 3039 1108 3126 (irg.
1136 3043 1155 3105 6
1180 3047 1213 3106 et
1238 3039 1271 3126 7)
1295 3041 1514 3123 appellantur,

228 3167 309 3231 quos
332 3168 446 3215 revera
471 3149 595 3215 Siculos
623 3146 724 3214 fnisse
753 3149 849 3214 testis
874 3153 924 3214 est
947 3148 1131 3213 Macrobius
1157 3154 1217 3214 sat.
1244 3151 1273 3212 5.
1296 3151 1417 3225 19.17,
1454 3150 1513 3215 sed

228 3257 268 3320 ad
294 3258 418 3339 copiam
444 3255 616 3323 verborum
640 3275 703 3322 non
728 3256 871 3337 pertinet
899 3274 1014 3321 nomeu
1038 3255 1216 3337 proprium.
1264 3255 1370 3334 Quare
1394 3257 1436 3321 ad
1459 3275 1512 3322 re·

225 3363 331 3446 liquas
355 3364 541 3446 tragoedias
558 3362 749 3430 accedimus.
797 3364 1031 3429 Enumeramus
1055 3370 1163 3428 autem
1181 3362 1380 3444 singularum
1397 3380 1511 3428 vocum

225 3471 413 3536 memoriam
437 3472 494 3554 ita,
519 3477 556 3536 ut
572 3473 710 3538 certiora
728 3472 875 3554 exempla
891 3476 1136 3553 anteponamus
1163 3469 1339 3535 incertiora
1364 3475 1397 3534 et
1413 3470 1512 3552 plane

226 3578 324 3643 dubia
359 3579 392 3643 in
426 3577 490 3644 fine
523 3580 687 3646 addamus,
738 3579 879 3658 Quorum
918 3578 1081 3644 uberrima
1116 3577 1254 3642 materia
1290 3582 1420 3642 servata
1460 3583 1513 3644 est

226 3704 258 3751 m
283 3703 375 3752 voce:

768 3876 962 3946 ΒΟΥΝΟΣ.

330 4024 400 4088 Ηεα
429 4024 469 4091 de
499 4043 575 4091 voce
612 4024 675 4089 iam
700 4023 867 4089 Kaibelius
904 4023 936 4088 iu
964 4021 1156 4104 fragmentis
1189 4022 1382 4089 comicorum
1418 4022 1508 4106 gl.9

226 4132 418 4213 gravissima
454 4131 643 4198 testimonia
680 4129 796 4212 coegit.
826 4129 1002 4213 Aeschylus
1039 4148 1108 4194 eam
1145 4129 1274 4196 exhibet
1303 4130 1415 4214 Suppl.
1444 4134 1508 4198 117

223 4236 317 4324 (108)
344 4240 430 4306 chor.
447 4270 487 4295 =
510 4243 572 4304 127
598 4237 692 4327 (117)
720 4239 807 4306 chor.
839 4235 972 4321 ίλέομαι
999 4235 1063 4320 μὲν
1093 4234 1211 4301 Ἀσίαν
1238 4234 1389 4320 βοῦνιν,
1425 4259 1508 4322 καρ-

222 4341 312 4427 βᾶνα
336 4345 368 4410 δ’
396 4346 505 4413 αὐδὰν
529 4345 576 4427 εδ,
607 4351 660 4429 γά,
690 4351 834 4427 κοννεῖς,
864 4346 963 4411 schol.
987 4343 1115 4428 βοῦνιν·
1140 4343 1204 4427 σὴν
1227 4348 1289 4428 γῆν
1312 4343 1399 4410 κατὰ
1423 4343 1507 4430 βαρ-

221 4450 351 4536 βάρονς
385 4457 572 4539 „supplicor
600 4456 715 4538 Apiam
746 4460 876 4529 terram,
911 4453 1085 4518 barbaram
1122 4459 1231 4518 autem
1266 4471 1376 4520 vocem
1410 4453 1507 4538 bene,

220 4564 319 4652 terra,
356 4563 648 4665 comprehendis‘h
686 4563 769 4630 Ibin.
806 4563 871 4627 776
908 4559 1001 4648 (742)
1042 4558 1128 4628 chor.
1170 4559 1211 4626 ίώ
1249 4562 1292 4643 γᾶ
1329 4558 1507 4646 donnino
