3232 5176
698 285 896 352 ..g-

162 470 265 536 Rhen.
290 469 332 532 58
356 486 388 549 p.
410 466 473 532 285
487 484 535 550 44.
593 465 748 534 Mensura
781 495 867 559 „c
901 466 989 550 apud
1016 467 1207 552 Aeschylum
1242 469 1352 538 Ionica
1386 475 1440 538 441

163 577 337 659 eademque
352 574 455 640 forma
471 580 503 640 41
519 593 670 641 mensura
693 579 783 641 44141
806 576 892 658 apud
915 575 1026 658 Eurip.
1047 576 1119 641 Hel.
1140 578 1223 644 1188
1248 579 1333 644 trim.
1380 579 1437 645 Or.

166 686 227 750 128
256 683 340 749 trim.
370 686 404 747 et
433 682 519 764 apud
545 681 771 748 Archilochum
800 682 861 765 144.
886 684 958 749 138.
1009 684 1209 767 Herodotus,
1245 686 1274 752 si
1309 685 1439 769 quidem
1538 686 1541 692 '

165 791 325 859 codicibus
341 788 421 857 fides
436 789 585 857 habenda
601 795 665 872 441,
688 791 743 858 IV.
761 794 802 855 42
827 789 1026 873 0441444144
1050 791 1189 873 scripsit.
1224 791 1439 876 χειρῶναξ,

164 896 386 989 *χειροράναξ
404 898 513 964 144144
536 917 627 965 more
651 902 849 966 contractum
873 899 1017 974 videtnr;
1041 899 1228 966 testimonia
1250 902 1323 967 vide
1349 899 1435 966 infra

165 1026 196 1089 p.
221 1008 263 1071 50
275 1025 322 1087 44.
381 1004 518 1088 ἀεικής
547 1007 655 1074 Prom.
681 1008 744 1071 525
773 1005 865 1092 (527)
902 1007 1035 1089 1441144,
1071 1008 1149 1072 item
1184 1008 1216 1072 in
1252 1009 1440 1090 anapaestis

164 1116 271 1180 Prom.
306 1115 362 1194 97,
404 1114 488 1178 1042
528 1112 658 1200 (1041),
699 1119 811 1180 444144
849 1115 882 1180 14
922 1113 1065 1180 diverbio
1107 1114 1204 1196 αἰκής
1242 1115 1287 1194 (Μ
1326 1114 1442 1197 ἀεικής

167 1227 278 1289 444144
304 1219 455 1306 metrum)
489 1221 595 1287 Prom.
619 1222 684 1286 472
709 1220 811 1307 (474).
858 1223 960 1288 Voces
990 1242 1009 1287 a
1037 1222 1139 1304 stirpe
1169 1221 1254 1287 ἀεικ-
1283 1221 1442 1289 formatae

166 1327 416 1396 Atheniensibus
445 1329 541 1410 pl'ane
568 1328 710 1411 ignotae,
745 1328 876 1395 Ionibus
904 1330 1045 1396 usitatae
1074 1335 1157 1410 sunt,
1194 1328 1233 1395 cf.
1257 1328 1441 1411 Hoffmann,
1523 1320 1527 1330 ¹

169 1459 216 1521 44.
243 1437 329 1504 Dial.
351 1434 409 1518 ΙΙΙ,
445 1455 476 1518 p.
498 1437 573 1503 325.
631 1436 846 1503 Athenienses
882 1438 1017 1519 stirpem
1053 1438 1251 1503 deminutam
1287 1439 1356 1502 ola·
1387 1438 1444 1502 ad·

167 1546 280 1612 hibere
303 1543 417 1610 solent
465 1541 585 1624 ξυνός
612 1543 723 1626 Suppl.
749 1545 812 1609 367
839 1543 940 1630 (352),
976 1544 1066 1627 Sept.
1092 1548 1133 1610 76
1159 1544 1293 1626 mutuo
1316 1542 1358 1630 (1)
1381 1543 1443 1626 144.

171 1654 261 1718 99.6
291 1651 399 1733 potius
429 1651 462 1716 in
492 1652 681 1735 quaestione
706 1653 745 1717 de
769 1652 862 1734 copia
885 1651 1055 1718 verborum
1078 1653 1444 1719 144111444441444144-

171 1761 246 1825 dum
281 1759 355 1824 erit.
401 1757 585 1825 Cottidiano
608 1758 791 1825 Atticorum
826 1761 965 1825 sermoni
1000 1778 1063 1825 non
1096 1761 1207 1840 ignota
1236 1763 1312 1825 sunt
1335 1758 1444 1839 verba,

172 1886 254 1950 4444
286 1871 421 1948 propter
450 1884 601 1932 sonorum
625 1867 783 1933 rationem
806 1868 916 1933 Ionica
938 1868 1089 1933 uidentur
1113 1885 1193 1948 esse,
1230 1864 1448 1949 (1444114441

172 1972 296 2058 aupald
330 1970 483 2056 *4444441
517 1971 603 2060 (vide
630 1992 730 2056 supra
758 1972 907 2059 1444414).
967 1972 1053 2056 dimo]
1089 1973 1446 2055 44144401444111.766

172 2079 264 2167 (751)
286 2080 395 2146 Attice
419 2081 525 2162 potuit
547 2080 689 2147 formari.

279 2188 417 2254 Restant
440 2188 586 2269 exempla
608 2207 782 2270 apocopae,
807 2207 902 2272 quam
926 2190 1099 2272 aliquando
1117 2190 1252 2256 Athenis
1276 2207 1339 2254 non
1356 2188 1447 2271 igno·

175 2299 241 2360 tam
275 2294 373 2361 141444
408 2296 636 2378 comprobatur
670 2297 799 2362 nomine
833 2316 908 2362 4444
933 2299 1042 2362 Attico
1079 2294 1282 2378 Ἂνὸοκίὸης,
1318 2295 1381 2360 4141
1415 2295 1449 2360 14

176 2402 319 2483 pedestri
342 2403 523 2470 Atticorum
551 2423 699 2471 sermone
726 2404 884 2486 paulatim
914 2405 1009 2487 plane
1039 2405 1178 2470 evannit.
1224 2405 1361 2470 Praeter
1384 2402 1451 2468 Ho-

176 2527 299 2573 merum
321 2512 493 2593 praecipue
516 2512 549 2576 in
573 2512 673 2594 lyrica
696 2513 787 2593 poesi
808 2511 841 2576 in
865 2532 924 2578 usu
948 2513 1076 2578 mansit.
1115 2512 1300 2577 Herodotus
1324 2530 1452 2594 444444

178 2634 249 2680 eam
279 2636 341 2681 non
370 2637 443 2684 4444
475 2620 613 2686 exhibet.
665 2619 703 2684 In
728 2620 876 2702 Aeschyli
908 2618 1059 2685 diverbiis
1087 2620 1308 2700 reperiuntur:
1344 2615 1452 2702 ἀν(α)-

179 2725 269 2790 Ρ444.
289 2724 361 2798 163,
387 2726 448 2790 801
474 2723 576 2812 (798),
600 2726 688 2808 Sept.
706 2728 771 2790 466
795 2723 897 2810 (449),
924 2726 986 2790 535
1011 2724 1113 2811 (518),
1136 2725 1241 2791 Prom.
1260 2727 1323 2789 375
1348 2722 1453 2808 (379),

180 2834 244 2896 456
269 2830 371 2917 (459),
396 2834 458 2897 707
484 2832 585 2919 (105),
611 2837 672 2899 791
699 2832 802 2919 (789),
827 2833 885 2914 Ag.
912 2836 942 2913 7,
968 2835 1019 2906 27,
1046 2833 1110 2897 305
1135 2830 1236 2918 (292),
1261 2833 1325 2896 340
1349 2828 1453 2916 (327),

183 2941 268 3004 1180
285 2938 408 3025 (1134),
429 2943 512 3005 1599
530 2941 656 3028 (1510),
682 2941 823 3023 Ghoeph.
842 2941 906 3005 280
924 2939 1026 3026 (272),
1044 2942 1108 3005 282
1126 2938 1227 3024 (214),
1250 2937 1309 3019 144.
1329 2939 1403 3003 300.
1419 2942 1453 3017 1;

181 3048 261 3113 mire
301 3044 380 3110 ἀνα·
418 3047 451 3111 14
490 3049 556 3113 4441
594 3053 741 3113 44444144
779 3049 868 3114 Pers.
895 3050 952 3111 621
991 3045 1096 3132 (619),
1141 3047 1231 3111 Eum.
1257 3046 1321 3109 243
1351 3044 1456 3129 (241).

182 3153 368 3221 4441144414
402 3155 459 3236 Ag.
486 3156 548 3221 873
574 3153 676 3240 (837),
715 3157 797 3219 1303
823 3153 948 3240 (1257),
985 3153 1126 3236 Choeph.
1154 3155 1217 3218 144
1241 3150 1347 3237 (138),
1383 3149 1454 3233 πὰρ

183 3263 262 3344 Διός
283 3265 375 3329 Eum.
393 3265 456 3328 229
481 3260 584 3348 (227),
607 3260 788 3346 mappulum
812 3262 889 3331 ibid.
907 3264 971 3327 768
996 3260 1098 3348 (758).

289 3370 453 3453 Exemplis
475 3371 576 3452 igitur
599 3371 679 3437 satis
702 3370 813 3436 multis
837 3372 1078 3435 demonstratur
1101 3388 1279 3435 sermonem
1302 3375 1339 3433 ut
1355 3368 1457 3433 canti·

186 3497 304 3558 corum,
329 3479 375 3544 ita
399 3478 614 3544 diverbiorum
637 3478 824 3561 tragoediae
842 3478 968 3543 Atticae
990 3477 1193 3542 commixtum
1215 3495 1286 3542 4444
1304 3495 1342 3540 ex
1357 3475 1457 3541 444114

187 3585 364 3666 elementis,
394 3604 529 3668 quorum
556 3586 642 3650 haud
666 3586 781 3666 exigua
804 3603 881 3666 pars
905 3585 1031 3649 lonicae
1055 3585 1144 3667 genti
1167 3584 1373 3650 attribuenda
1397 3586 1456 3649 est.

186 3693 350 3789 Accedunt
372 3690 506 3758 Ionismi
534 3693 680 3775 exempla
709 3693 771 3758 duo
800 3692 990 3775 gravissima
1019 3693 1052 3758 in
1080 3691 1261 3775 fragmento
1285 3690 1458 3775 Phrynichi

187 3820 206 3865 a
229 3799 351 3865 Dielsio
380 3817 483 3880 nuper
514 3800 548 3865 in
575 3819 655 3865 mus.
680 3799 782 3866 Rhen.
809 3801 860 3886 56,
885 3820 916 3884 p.
935 3803 976 3864 29
1008 3801 1191 3866 admirabili
1220 3817 1290 3864 oum
1314 3799 1458 3863 acumine

187 3907 355 3973 restituto:

401 4085 437 4166 ἐς
460 4083 498 4150 δὲ
520 4085 673 4168 colonius
697 4083 828 4166 (1441144
851 4082 1023 4166 41414444
1047 4082 1248 4173 δισμυρ]ἱων

400 4190 521 4275 ἄνδρες
544 4191 732 4258 4444144444
755 4191 828 4277 [καὶ
850 4193 923 4274 τρὶς
947 4190 1069 4278 041444
1092 4189 1128 4270 ἐς
1151 4189 1292 4274 dominu.

294 4442 343 4506 Ex
376 4462 439 4525 quo
475 4441 748 4510 41141144144144
779 4442 939 4509 elementa
965 4440 999 4506 in
1027 4440 1259 4523 antiquissimis
1282 4441 1459 4522 tragoediis

190 4550 288 4618 etiam
311 4551 442 4616 maioris
465 4551 619 4618 momenti
641 4550 741 4617 141444
764 4568 860 4632 quam
883 4548 970 4630 apud
991 4547 1190 4630 Aeschylum.
