3232 5176
703 229 922 290 ,86-

168 411 283 490 γορεῖ
307 405 365 472 καὶ
394 403 435 470 σὺ
465 408 605 470 σαυτοῦ.
652 405 741 484 erae
765 424 835 470 cum
859 405 907 471 ita
931 406 1006 487 siut,
1044 425 1083 471 ne
1107 406 1130 470 ii
1154 405 1295 489 quidem,
1331 407 1387 489 qui
1411 407 1448 472 do

168 514 309 580 dictione
334 512 528 596 Thucydidis
546 513 707 594 dubitent,
733 514 928 580 contendent
944 514 1114 581 Platonem
1130 515 1211 581 adeo
1225 512 1385 595 τοκίζων,
1416 517 1452 580 nt

168 626 307 705 quatuor
330 621 396 686 illis
419 620 498 686 locis
523 621 563 685 ab
587 619 719 686 Ionibus
743 622 895 704 pendeat.

275 728 353 795 Inde
393 728 434 794 ab
474 729 650 795 Aristotele
690 731 877 812 κατηγορία
918 730 1254 813 „praedicamentum‘
1290 728 1450 796 terminus

169 856 263 921 quem
294 836 404 901 dicunt
429 836 594 902 technicus
624 839 782 903 sermonis
807 838 1022 920 philosophici
1052 845 1112 920 est,
1148 839 1227 903 item
1250 841 1451 919 κατηγορεῖν

169 945 413 1027 ,praedicare“.
461 943 543 1009 Num
569 950 676 1012 autern
706 946 793 1027 apud
816 931 963 1011 oratores
987 965 1113 1029 quoque
1138 946 1222 1011 hunc
1247 963 1380 1011 sensum
1403 965 1451 1011 re-

168 1053 289 1136 perias,
315 1052 447 1118 dubium
472 1057 531 1131 est,
568 1053 657 1117 velut
680 1052 846 1118 Demosth.
872 1055 924 1119 45.
944 1054 986 1117 20
1022 1051 1093 1118 ἔστι
1116 1051 1154 1118 ἀὲ
1177 1051 1273 1117 τοῦτ’
1301 1048 1387 1116 αὐτὸ
1411 1049 1450 1117 τὸ

172 1157 303 1242 ἀρκοῦν
332 1160 390 1224 καὶ
412 1163 682 1245 κατηγοροῦν,
716 1160 772 1225 ubi
797 1165 970 1243 utrumque
998 1161 1129 1226 uerbum
1156 1179 1218 1225 uon
1244 1159 1330 1224 idem
1354 1159 1451 1233 valet,

172 1286 243 1333 cum
280 1268 444 1351 posterius
480 1267 646 1334 notionem
680 1269 799 1351 prioris
835 1273 969 1349 augeat:
1014 1287 1095 1350 „res,
1139 1286 1222 1351 qnae
1265 1265 1388 1347 prodat
1422 1269 1454 1331 at

171 1376 332 1437 accuset“.

278 1477 346 1544 Iam
370 1477 607 1558 concludamus,
638 1496 712 1543 uam
736 1477 769 1544 in
795 1482 908 1560 aperto
933 1483 984 1542 est
1007 1478 1095 1544 uocis
1118 1481 1300 1561 κατηγορῶ
1325 1497 1452 1546 sensum

170 1583 380 1667 originarium
405 1602 476 1650 esse
507 1587 751 1668 ,praedicare“,
781 1587 835 1669 qui
860 1593 1005 1668 tempore
1041 1588 1237 1670 procedente
1264 1587 1387 1653 abierit
1420 1589 1452 1654 in

171 1692 309 1758 artiores
333 1690 413 1759 fines
438 1693 518 1757 certi
543 1697 576 1758 et
600 1692 725 1760 definiti
748 1694 1013 1776 praedicamenti,
1039 1695 1070 1759 id
1096 1700 1146 1760 est
1170 1695 1398 1761 accusationis.

691 1957 922 2027 ΑΚΡΑΤΗΣ.

276 2139 424 2223 Denique
448 2160 510 2219 vox
534 2138 685 2223 ἀκρατής
708 2141 821 2206 eadem
846 2143 1033 2210 condicione
1058 2144 1172 2226 utitur,
1209 2145 1271 2210 elsi
1296 2163 1360 2210 non
1385 2146 1453 2212 sine

168 2246 278 2313 fallaci
301 2246 371 2313 veri
394 2245 501 2328 specie
525 2243 774 2309 aWittehindio
798 2264 830 2326 p.
856 2247 897 2310 22
915 2246 1001 2312 inter
1015 2246 1142 2312 Ionicos
1165 2248 1274 2328 posita
1298 2252 1359 2323 est,
1383 2267 1452 2314 cum

169 2361 203 2423 et
226 2356 258 2422 in
283 2353 454 2438 tragoedia
477 2357 511 2417 et
534 2352 621 2434 apud
644 2351 739 2417 Iones
763 2352 956 2418 adhiheatur
980 2354 1019 2419 de
1042 2353 1172 2419 homine
1194 2354 1295 2421 debili
1320 2372 1453 2438 corpore

168 2463 328 2547 praedito,
366 2462 452 2545 apud
476 2459 692 2525 Athenienses
729 2465 837 2526 autem
870 2461 909 2524 de
933 2460 1073 2553 homine,
1109 2461 1222 2544 quise
1247 2463 1354 2544 ipsum
1380 2482 1452 2530 con·

169 2572 273 2637 tinere
310 2589 372 2635 non
408 2569 521 2651 possit.
569 2567 612 2631 Et
635 2567 668 2632 id
692 2568 872 2634 rectissime
896 2568 977 2634 vidit
1014 2569 1064 2634 vir
1091 2569 1147 2636 ille
1180 2569 1307 2658 doctus;
1343 2575 1452 2657 tamen

168 2699 254 2763 quae
277 2679 352 2744 inde
377 2676 542 2755 conclusit,
578 2674 666 2739 nullo
691 2676 784 2740 modo
824 2676 854 2740 ei
879 2677 1092 2744 concedimus.
1141 2676 1223 2742 Nam
1247 2697 1266 2741 a
1289 2679 1450 2761 principio

168 2785 278 2852 elucet
300 2803 374 2851 eum
399 2802 470 2851 esse
494 2782 635 2865 ἀκρατῆ,
661 2801 757 2865 quem
773 2783 859 2850 vires
883 2803 941 2850 seu
966 2786 1111 2867 corporis
1135 2803 1192 2852 seu
1217 2786 1317 2851 animi
1341 2786 1449 2853 deiici-

167 2898 233 2975 ant,
260 2894 423 2978 quianon
447 2891 567 2957 habeat
590 2891 726 2973 κράτος.
773 2892 893 2971 Quodsi
917 2892 1133 2960 Athenienses
1161 2893 1245 2983 hanc
1276 2912 1387 2960 rocem
1411 2895 1449 2961 ab

169 3023 252 3069 anno
277 3003 342 3068 420
366 3021 430 3068 non
454 3000 673 3067 adhibuerunt
696 3000 758 3066 nisi
782 2999 903 3065 tralate
927 3001 967 3067 de
991 3001 1091 3066 animi
1114 3000 1247 3083 viribus,
1283 3003 1345 3070 hoc
1370 3003 1450 3088 nihil

168 3111 287 3194 probat
321 3111 361 3176 de
393 3107 564 3191 tragoedia
598 3127 662 3173 uno
698 3107 826 3174 saeculo
862 3107 980 3189 priore.
1040 3108 1155 3191 Itaque
1191 3128 1316 3192 sensus,
1356 3131 1449 3194 quem

167 3217 350 3284 Wittehiud
374 3220 468 3283 vocat
482 3214 637 3296 Ionicum,
662 3214 731 3279 sine
756 3214 852 3280 dubio
874 3215 1048 3298 primarius
1073 3221 1132 3296 est,
1157 3217 1283 3283 Atticus
1300 3219 1448 3299 tralatus,

169 3331 206 3391 ut
230 3344 294 3406 res,
331 3326 357 3390 si
383 3339 550 3405 compares
574 3338 668 3387 voces
694 3319 901 3405 ἀμφιδέξιος,
936 3325 1135 3406 μοταίχμιος
1158 3343 1257 3407 supra
1280 3331 1448 3408 tractatas,

166 3435 201 3500 in
223 3434 284 3498 hoc
308 3431 405 3498 verbo
429 3431 526 3514 plane
551 3429 702 3513 opposita
726 3430 778 3494 sit.
822 3430 968 3513 Namque
991 3430 1049 3496 illa
1074 3430 1322 3514 significationis
1346 3438 1449 3499 muta·

166 3542 255 3608 tione
292 3537 443 3622 efficitur,
478 3545 515 3603 ut
553 3536 703 3620 ἀκρατής
741 3538 897 3616 ,debilis“
934 3539 977 3605 sit
1013 3556 1180 3606 commune
1209 3541 1353 3623 verbum,
1380 3542 1449 3624 „in-

167 3648 355 3717 continens“
392 3650 501 3712 autem
535 3645 744 3730 peculiariter
773 3646 926 3712 Atticum.
974 3646 1087 3730 Neque
1122 3647 1254 3714 dubium
1278 3653 1339 3730 est,
1379 3668 1449 3715 cum

166 3756 273 3823 Attice
309 3756 519 3838 loquerentur
555 3751 706 3835 ἀκρατής
739 3750 857 3835 ἀτμοῦ
888 3754 1026 3836 (Plato),
1056 3754 1160 3838 ὀργῆς
1191 3755 1333 3840 (Thou),
1371 3758 1447 3841 quin

166 3863 361 3930 vetustiores
386 3862 528 3927 dixerint
553 3859 704 3943 ἀκρατὴς
725 3858 885 3942 γλώσσης
908 3861 1052 3946 (Aesch.)
1079 3863 1155 3946 „qui
1178 3864 1288 3944 lingua
1312 3865 1361 3930 uti
1386 3884 1447 3930 non

164 3973 296 4056 potest“
320 3971 370 4036 vol
397 3968 542 4052 ἀκρατὲς
557 3973 664 4053 γῆρας
680 3967 804 4051 (Soph.)
829 3973 1001 4049 „senectus
1018 3971 1234 4036 membrorum
1252 3973 1446 4056 impotens‘,

164 4080 241 4147 Loci
264 4084 340 4147 sunt
363 4079 450 4162 apud
472 4079 571 4145 Iones
587 4076 797 4159 Hippocratis
820 4077 984 4159 permulti,
1009 4077 1126 4160 quibus
1150 4098 1253 4161 nuper
1277 4100 1317 4146 ex
1340 4081 1445 4147 titulis

165 4188 295 4254 additus
330 4192 381 4255 est
416 4186 504 4252 0.-Β.
536 4185 593 4251 ΙΙΙ.
624 4186 653 4264 2,
680 4185 777 4249 5461.
799 4186 838 4248 15
872 4183 1009 4251 Thasius
1045 4181 1163 4270 (ὅρκος
1187 4185 1262 4269 etc.)
1299 4186 1445 4273 ἀκρατ[ῆ

167 4293 272 4382 ἔστω]
307 4315 368 4376 „ne
399 4294 564 4375 valeant“,
600 4292 676 4361 ibid.
703 4294 851 4358 5653οὸ
879 4292 977 4358 Chius
1013 4291 1070 4374 ὃ]ς
1096 4291 1159 4374 τὰς
1183 4295 1309 4378 κρήσις
1344 4295 1445 4379 ἀκρα-

165 4400 280 4487 τέα[ς]
313 4407 405 4486 ποιῇ.
448 4402 543 4485 Apud
573 4402 717 4484 tragicos
741 4405 856 4484 poetas
891 4406 968 4466 sunt
991 4401 1105 4467 Aesch.
1131 4402 1238 4468 Prom.
1263 4405 1330 4468 884
1355 4403 1443 4489 (882)

165 4527 258 4591 anap.
283 4507 382 4591 Soph.
406 4509 484 4589 Oed.
511 4508 582 4601 Col,
610 4511 695 4574 1236
712 4509 798 4577 chor.
846 4508 917 4574 Non
933 4526 1087 4591 negamus
1114 4510 1239 4604 scilicet
1254 4511 1442 4596 primarium
