3164 5176
622 273 843 334 ..91-

94 453 205 534 πιστῷ
228 449 357 536 βεβαίῳ
387 449 424 534 ἐξ
445 450 551 517 αὑτοῦ
575 451 685 535 ἔχοντι
712 449 775 534 τὴν
800 451 931 533 ἐγγύην,
966 455 1004 515 ut
1026 455 1134 516 vertas
1173 471 1299 537 „neque
1324 451 1375 521 ca-

93 561 173 643 pitis
209 559 408 625 damnationi
442 560 532 626 uelut
567 579 649 644 quae
678 564 825 642 praestet
859 557 916 641 (sc.
952 559 1139 642 republicae
1173 560 1313 628 salutem
1341 563 1374 628 in

94 666 240 733 futurum
264 666 408 750 tempus)
442 665 538 733 fidem
563 667 720 734 babentes
756 666 901 733 deterius
937 667 1104 734 consulere
1128 686 1261 734 necesse
1292 673 1375 738 est.“

87 775 209 858 ‚Itaque
231 793 311 850 rem,
347 776 397 840 oui
432 774 513 840 fides
541 776 691 842 habenda
725 794 788 841 non
814 775 866 849 sit,
902 780 997 840 vocat
1032 773 1230 858 ἀνεχέγγυος
1252 776 1306 843 IV.
1332 780 1373 843 55

96 881 209 967 ᾤοντο
238 882 505 966 ἁμαρτήσασέοι
527 881 583 949 διὰ
606 881 646 948 τὸ
667 882 731 965 τὴν
747 883 886 966 γνώμην
910 881 1157 966 ἀνοχέγγυον
1172 886 1374 970 γεγενῆσθαι

94 990 133 1056 ἐκ
156 994 219 1074 τῆς
241 991 323 1071 πρὶν
358 988 504 1073 ἀηθείας
538 994 600 1056 τοῦ
629 993 869 1073 κοινοπραγεῖν.
916 991 1072 1057 Similiter
1097 991 1271 1075 Sophocles
1296 995 1374 1062 Oed.

95 1098 162 1165 001.
184 1100 248 1164 284
265 1099 351 1164 trim.
377 1095 493 1181 ὥσπερ
511 1096 632 1182 ἔλαβες
655 1096 716 1163 τὸν
733 1098 847 1180 ἱκέτην
869 1097 1077 1182 ἐχέγγυον,
1103 1099 1202 1166 schol.
1228 1101 1369 1186 ἀσφαλῆ

94 1209 202 1289 Atque
225 1206 397 1289 Euripides
413 1205 498 1272 Med.
525 1206 589 1272 388
614 1206 699 1273 trim.
724 1207 776 1285 τίς
798 1208 860 1287 γῆν
884 1203 1014 1271 ἄσυλον
1036 1206 1094 1271 καὶ
1117 1201 1247 1290 δόμους
1269 1208 1376 1292 ἐγεγ-

94 1315 221 1397 γύους
244 1313 340 1397 ξένος
362 1314 561 1397 παρασχών,
589 1315 668 1379 item
693 1314 791 1379 Andr.
818 1315 880 1379 192
905 1314 1003 1396 trim,
1039 1313 1161 1380 Phoen.
1187 1316 1251 1380 759
1276 1317 1375 1398 trim,

94 1421 156 1504 frg.
181 1423 293 1504 adesp.
318 1424 384 1487 494
408 1421 493 1487 trim.
542 1422 638 1504 Apud
661 1421 830 1487 Platonem
862 1426 971 1486 autem
994 1440 1057 1487 non
1074 1427 1198 1504 exstat,
1235 1424 1297 1488 etsi
1321 1423 1373 1488 ui-

96 1549 208 1598 maeus
231 1531 265 1595 in
288 1531 351 1596 lex.
365 1530 492 1596 Platon.
516 1548 626 1596 rocem
652 1529 791 1596 exhibet.
840 1528 961 1595 Contra
976 1529 1174 1596 recentiores
1200 1530 1377 1612 scriptores

96 1638 165 1705 eius
200 1637 362 1704 scribendi
386 1637 526 1722 generis,
563 1657 626 1720 quo
650 1637 844 1704 Plutarchus
879 1642 913 1703 et
937 1637 1097 1710 Lucienus
1132 1638 1180 1703 uti
1216 1638 1375 1719 solebant,

95 1765 167 1811 eam
201 1764 298 1812 sensu
334 1747 523 1812 contritiore
560 1765 651 1830 „par,
688 1745 846 1813 idoneus“
886 1745 1097 1828 scripserunt,
1138 1764 1208 1810 curn
1245 1746 1376 1829 linguae

95 1855 272 1920 communis
295 1855 517 1920 testimonium
541 1859 665 1920 certum
689 1853 793 1919 adhuc
817 1858 983 1937 repertum
1007 1872 1071 1919 non
1095 1853 1148 1919 sit.

200 1961 305 2029 Huius
328 1962 430 2045 igitur
452 1962 541 2029 vocis
575 1961 731 2027 memoria
754 1980 867 2028 ansam
891 1961 1020 2027 omniuo
1045 1980 1109 2026 non
1132 1961 1282 2045 praebet,
1319 1979 1378 2026 our

95 2088 166 2135 eam
190 2068 320 2135 Ionibus
344 2071 551 2152 vindicemus,
587 2089 646 2135 uec
675 2089 752 2136 vero
777 2070 854 2135 licet
889 2088 960 2135 eam
988 2088 1008 2135 a
1031 2070 1200 2152 superiore
1224 2088 1302 2136 rore
1326 2087 1376 2134 se-

95 2196 237 2259 cernere,
262 2180 456 2260 praesertim
480 2197 552 2244 cum
574 2179 643 2245 veri
659 2178 799 2261 speeiem
816 2196 895 2259 prae
918 2195 954 2242 se
977 2176 1062 2243 ferat
1077 2182 1250 2260 utramque
1265 2195 1376 2243 vocem

91 2304 135 2351 ex
159 2304 306 2352 sermone
331 2287 511 2352 Atticorum
546 2287 691 2353 iudiciali
714 2286 865 2352 haustam
894 2304 975 2365 esse,
1011 2285 1043 2350 in
1081 2304 1144 2368 quo
1167 2304 1265 2368 saepe
1287 2285 1376 2351 vedi-

94 2394 276 2460 mouiorum
299 2395 420 2463 mentio
456 2393 604 2461 iacienda
638 2398 716 2461 erat.
773 2392 867 2458 Alter
901 2393 1013 2476 igitur,
1051 2395 1102 2460 cui
1136 2395 1206 2461 sine
1242 2392 1377 2458 cautelis

95 2503 248 2580 creditur,
274 2501 428 2585 ἐχέγγυος
449 2508 509 2583 est,
534 2503 628 2584 alter,
655 2502 705 2568 oui
722 2508 870 2586 praestat
891 2503 1018 2585 aliquis,
1045 2503 1239 2586 φερέγγυος.
1287 2500 1376 2579 Quae

94 2628 148 2676 res
193 2609 267 2676 ideo
314 2611 412 2675 dubia
450 2615 569 2692 manet,
618 2610 703 2693 quod
739 2628 780 2675 ne
826 2610 953 2678 Solonis
991 2611 1120 2694 quidem
1164 2610 1271 2692 legum
1310 2627 1376 2674 ser-

93 2735 222 2782 monem
246 2718 326 2784 satis
350 2718 550 2800 exploratum
574 2718 739 2800 habemus
774 2719 829 2801 qui
860 2723 1016 2801 quantum
1040 2737 1060 2783 a
1082 2717 1136 2782 IV.
1163 2717 1284 2784 saeculi
1307 2734 1375 2782 ser-

93 2843 189 2891 mone
213 2825 341 2906 aiuerit,
376 2830 487 2891 notum
511 2830 562 2891 est
585 2845 623 2891 ex
651 2824 845 2908 fragmentis
873 2828 960 2909 apud
983 2826 1112 2909 Lysiam
1136 2845 1181 2891 or.
1210 2827 1250 2890 10
1274 2830 1308 2889 et
1333 2826 1372 2889 11

94 2934 250 3000 servatis.

660 3128 802 3199 ΑΚΤΗ.

202 3275 484 3342 Praetermisimus
516 3275 621 3341 adhuc
650 3294 772 3358 vocem,
808 3292 903 3358 quam
940 3275 1004 3339 iam
1036 3271 1285 3338 Rutherfordius
1308 3273 1330 3337 l.
1349 3290 1375 3338 c.

93 3405 126 3468 p.
158 3388 196 3449 11
243 3382 336 3450 firmo
371 3388 561 3467 argumento
597 3383 755 3449 adductus
794 3383 922 3464 priscae
960 3381 1088 3447 Atthidi
1127 3380 1253 3462 tribuit,
1293 3398 1376 3463 quae

94 3493 243 3577 quaestio
267 3492 361 3558 nobis
384 3493 593 3558 retractanda
616 3497 676 3574 cst,
713 3496 885 3574 postquam
908 3489 1099 3556 Wittekind.
1124 3509 1157 3573 p.
1182 3489 1224 3553 39
1233 3505 1280 3570 sq.
1305 3504 1376 3552 eam

98 3602 185 3666 inter
208 3601 364 3666 vocabula
386 3600 497 3666 Ionica
520 3600 639 3683 posuit

204 3708 289 3792 ἀκνη
313 3709 484 3775 notissima
519 3715 570 3776 est
592 3728 653 3775 uox
677 3707 710 3772 in
735 3706 931 3774 Graecorum
955 3709 1125 3788 poetarum
1148 3722 1306 3777 sermone,
1343 3702 1376 3769 in

94 3817 240 3900 pedestri
264 3821 371 3882 autem
388 3817 547 3884 Herodoti
570 3816 638 3884 lere
663 3817 762 3883 solius
787 3833 934 3881 sermone
959 3813 1053 3880 obvia
1076 3817 1185 3878 tamen
1201 3810 1376 3894 aliquando

95 3926 249 3994 usitatior
272 3926 350 4008 fuit,
372 3928 458 4010 quod
482 3928 609 3993 nomine
633 3925 766 4011 proprio
793 3921 889 4008 Ἀννη
920 3921 1148 4005 comprobatur
1171 3939 1241 3986 cum
1259 3917 1376 3984 'multis

100 4033 257 4098 Graeciae
294 4033 445 4115 gentibus
480 4041 548 4101 tum
574 4034 903 4101 Atheniensibus
927 4033 1059 4099 usitato.
1107 4029 1221 4111 ltaque
1247 4027 1377 4094 dubium

95 4147 244 4222 nonest,
281 4142 357 4223 quin
383 4139 468 4224 ἀκτή
491 4161 553 4207 vox
577 4142 686 4208 Attica
718 4141 827 4207 luerit.
875 4141 967 4206 Hanc
996 4134 1220 4204 Rutherlordii
1251 4135 1377 4217 exposi-

95 4249 216 4314 tionem
240 4254 273 4314 et
290 4249 479 4332 augebimus
504 4255 536 4314 et
553 4247 822 4330 confirmabimus,
848 4267 918 4314 cunr
936 4265 1061 4314 omnem
1086 4244 1173 4312 vocis
1189 4242 1376 4309 memoriam

98 4375 317 4440 congeramus.

202 4463 333 4530 Initium
370 4464 469 4548 igitur
498 4464 689 4546 capiendum
723 4463 817 4531 nobis
852 4468 903 4530 est
936 4464 977 4530 ab
1000 4461 1134 4529 Homeri
1169 4459 1377 4539 carminibus,

96 4591 160 4654 qua
192 4573 232 4639 de
260 4592 296 4638 re
325 4572 471 4641 conferas
499 4570 663 4654 Ebelingii
697 4571 760 4638 lex.
789 4570 882 4638 Hom.
908 4589 933 4638 s.
950 4589 979 4636 u.
1010 4566 1108 4653 Ἀκνη
1141 4567 1293 4653 opposita
1327 4571 1379 4633 est
