3164 5176
625 281 872 346 -109-

218 457 371 527 Gonleras
407 458 506 524 etiam
542 460 825 541 grammaticorum
860 460 1049 527 testimonia
1079 459 1167 528 Suid.
1192 477 1218 525 s.
1236 480 1276 542 u,
1311 459 1390 526 Hes.

106 567 202 652 χαιά·
240 565 365 650 ἀχαήή,
397 567 510 650 χαιός·
552 566 695 651 ἀχαήός,
730 569 802 637 sim.
838 587 864 635 s.
882 589 909 635 r.
951 566 1075 652 Ἀχαία.
1139 569 1212 632 Alia
1248 568 1391 633 eiusdem

110 677 223 758 stirpis
258 674 361 742 forma
396 676 466 743 sine
501 677 598 743 dubio
629 682 840 745 conservatur
875 677 908 742 in
937 677 1088 760 Hesychii
1121 676 1229 760 glossa
1256 675 1389 758 χάοιος·

112 780 246 865 ἀχαώὸς
278 781 438 867 χρηστὸς,
475 804 538 868 qua
573 786 724 853 inductus
760 786 948 864 Ahrensius‚
985 784 1061 851 dial.
1097 784 1122 850 Ι.
1159 804 1190 868 p.
1217 786 1258 849 76
1294 783 1392 850 scribi

110 892 205 958 iussit
226 891 324 975 χάλος
358 892 454 958 utin
485 911 563 958 voce
586 893 757 974 Laconica,
794 912 857 977 qna
889 893 920 958 in
946 892 1085 959 dialecto
1122 893 1192 959 loco
1216 891 1393 958 litteraeo

108 999 315 1066 intervocalis
352 1000 486 1082 spiritus
516 1001 756 1067 enuntiabatur.
803 1001 952 1085 Denique
986 1000 1167 1084 Hesychius
1201 1000 1304 1067 tradit
1339 997 1391 1065 ευ-

105 1106 308 1189 χατότερον·
345 1104 612 1191 πλουσιώτερον,
647 1109 740 1174 cuius
774 1109 814 1175 de
843 1110 971 1192 glossae
1006 1107 1198 1191 integritate
1223 1106 1393 1173 dubitatur

109 1212 387 1299 (εήχαιότερονλ).

215 1322 341 1390 Deinde
366 1323 618 1406 Lagerurantzii,
643 1325 731 1408 qnod
755 1325 794 1390 de
818 1325 995 1408 veriloquio
1019 1324 1185 1408 iudicavit,
1209 1322 1389 1391 referimus.

110 1429 217 1513 Atque
240 1431 268 1497 is
292 1429 456 1513 proiectus
485 1433 526 1499 ah
551 1433 660 1515 glossa
683 1431 917 1516 εὐχατότερου,
947 1451 1083 1517 quaeum
1112 1432 1209 1498 aliam
1239 1429 1391 1514 ἀχητεῖς·

110 1535 272 1622 ἀζήτητον
295 1537 453 1605 ἀσύνετον
481 1537 613 1626 ώττοροι
639 1541 813 1622 coniunxit,
850 1541 933 1608 hanc
956 1540 1131 1608 formarum
1166 1539 1282 1607 seriem
1317 1558 1392 1622 pro·

110 1647 201 1713 bavit
232 1646 381 1732 χᾱτός>
415 1648 536 1731 χάοιος
570 1649 673 1732 (velut
707 1646 851 1736 ὀρώός)
890 1645 1039 1735 dodras),
1074 1647 1232 1714 Laconico
1263 1637 1391 1730 χάλιος,

107 1760 208 1837 χαῐος
232 1760 291 1821 etc.
339 1756 428 1835 Quae
457 1775 530 1823 cum
560 1758 747 1824 acutissime
770 1757 916 1841 cogitata
945 1757 1020 1838 sint,
1057 1757 1149 1823 nobis
1173 1755 1304 1839 quidem
1327 1774 1392 1821 non

109 1868 353 1944 persuaserunt.
392 1863 476 1929 Nam
499 1883 564 1930 non
588 1866 691 1932 solum
715 1866 824 1947 glossa
845 1862 1069 1948 εὐχατότερον
1093 1863 1227 1930 minoris
1250 1863 1392 1931 auctori·

111 1972 191 2036 tatis
215 1976 275 2052 est,
300 1990 412 2038 verum
441 1972 538 2038 etiam
560 1972 680 2056 χάτιος
709 1973 796 2056 apud
820 1973 963 2039 Lacones
988 1971 1100 2038 debuit
1124 1972 1319 2050 conseruari,
1356 1976 1392 2036 ut

111 2095 175 2142 non
198 2077 413 2162 intelligatur,
438 2080 523 2145 unde
547 2080 812 2148 Lacedaemoniis
836 2081 962 2148 venerit
982 2080 1111 2164 χάοιος.
1158 2078 1392 2147 Gravissimum

111 2189 219 2250 autem
245 2193 305 2262 est,
337 2188 423 2270 quod
445 2188 480 2253 in
503 2189 632 2254 nomine
655 2190 793 2272 quodem
818 2188 949 2272 proprio
973 2189 1043 2255 sin'e
1066 2188 1133 2254 ullo
1158 2187 1255 2254 dnbio
1280 2187 1391 2254 eadem

113 2292 213 2374 stirps
248 2295 455 2377 conspicitur,
492 2297 578 2380 quod
606 2297 649 2362 ad
677 2296 902 2364 Siceliotarum
939 2297 1205 2362 consuetudinem
1239 2296 1392 2363 recedere

110 2400 287 2466 verisimile
312 2407 371 2469 est.
418 2403 478 2470 Est
513 2409 621 2471 autem
657 2424 774 2471 nomen
808 2404 935 2471 insulae
958 2401 1164 2488 Παγχαία,
1199 2424 1263 2488 qno
1287 2404 1392 2471 Euhe-

111 2526 219 2574 merus
237 2509 455 2576 Messanensis
479 2512 511 2577 in
537 2513 611 2595 ἱερᾷ
635 2510 818 2596 ἀναγραφῇ
842 2512 949 2579 locum
969 2513 1138 2579 beatorum
1162 2512 1229 2577 sive
1246 2511 1391 2595 Elysium

109 2617 244 2684 vocavit.
291 2617 377 2685 Illud
405 2638 521 2686 nomen
545 2619 731 2703 significans
761 2617 1132 2703 insulamnuuoyddao
1162 2624 1251 2687 certe
1280 2618 1389 2686 fiotum

109 2728 161 2789 est
199 2725 239 2791 ab
280 2726 471 2803 Euhemero,
514 2728 634 2812 quippe
672 2748 757 2813 quae
794 2747 953 2814 nusquam
991 2729 1056 2795 sita
1094 2728 1146 2810 sit,
1188 2728 1226 2796 cf.
1263 2727 1388 2795 Gallim.

108 2829 168 2915 lrg.
194 2836 237 2899 86
262 2834 356 2901 Sohn.

325 2942 360 3022 dg
382 2941 422 3009 τὸ
446 2941 514 3026 πρὸ
539 2944 671 3027 τείχους
694 2941 769 3026 ἱρὸν
793 2941 891 3024 ἁλέες
914 2939 1012 3010 δεῦτε

322 3047 364 3115 οὗ
386 3048 427 3116 τὸ
450 3048 559 3116 πάλαι
581 3048 795 3134 Παχχαῖον
819 3051 837 3117 ὁ
861 3049 1022 3132 πλάσας
1044 3048 1155 3116 Ζᾶνα

319 3157 449 3240 γέρων
473 3155 611 3241 ἀλαζών
636 3156 736 3223 ἄδικα
759 3156 875 3243 βιβλία
897 3159 1032 3242 ψήχων.

106 3265 217 3346 γέρων
253 3269 303 3329 est
337 3264 549 3346 Euhemerus,
588 3265 625 3333 cl.
663 3266 763 3333 schol.
801 3265 898 3333 Olem.
933 3267 1022 3334 Alex.
1058 3270 1218 3348 protrept.
1255 3264 1296 3331 II.
1334 3267 1386 3346 24,

107 3390 137 3452 p.
166 3372 228 3436 102
253 3371 358 3436 Klotz.
407 3372 456 3437 De
491 3373 598 3438 insula
635 3371 673 3437 ci.
702 3373 833 3439 Diodor.
865 3372 902 3438 V.
929 3375 972 3437 42
993 3411 1028 3421 --
1049 3375 1102 3453 46,
1140 3371 1229 3439 ouius
1265 3371 1387 3439 incolas

106 3474 298 3561 Παγχώους
332 3475 573 3567 (Παχχῷουςλ)
609 3486 767 3546 memorat
802 3479 966 3546 Plutarch.
1002 3480 1043 3546 Is.
1073 3484 1108 3546 et
1136 3478 1190 3547 Os.
1221 3481 1262 3545 23
1293 3483 1386 3564 (mor.

105 3603 136 3666 p.
163 3586 273 3671 3603)
300 3583 390 3652 ἀλλὰ
412 3586 521 3669 χιόνος
544 3584 735 3670 Εὐήμερος,
765 3586 816 3668 ὡς
839 3585 936 3669 ἔοικε,
965 3585 1117 3669 τελεώσας
1145 3587 1194 3669 εἰς
1220 3585 1303 3670 τοὺς
1325 3608 1387 3672 μή·

106 3688 236 3774 ὁαμόώι
270 3697 331 3776 γῆς
353 3694 540 3777 γεγονότας
572 3691 658 3777 μηδ’
696 3691 799 3776 ὄντας
826 3692 1055 3779 Παγχώους
1088 3695 1145 3762 καλ
1173 3691 1388 3778 Τριφύλλους

106 3797 325 3885 ἐντετυχήκει,
362 3821 427 3885 qua
454 3803 486 3869 in
510 3820 589 3869 voce
618 3802 776 3870 vocalium
801 3805 876 3890 ᾱ>ώ
911 3802 1086 3870 alternatio
1121 3822 1184 3870 non
1208 3803 1292 3868 mira
1326 3806 1385 3868 est.

104 3906 234 3972 Nullum
252 3914 340 3976 certe
363 3909 451 3976 illius
467 3910 606 3977 nominis
623 3910 843 3977 testimonium
860 3915 977 3994 exstat,
1002 3912 1089 3995 quod
1112 3910 1154 3976 ad
1168 3910 1386 3977 Euhemerum

104 4016 256 4081 recodere
293 4035 357 4082 non
393 4021 507 4103 possit,
543 4019 598 4102 qui
628 4019 660 4087 iu
684 4018 835 4102 lingendo
870 4021 1000 4087 nomine
1024 4020 1143 4086 Dorica
1166 4017 1386 4086 Messanensis

103 4121 234 4188 dialecti
258 4143 347 4204 voce,
372 4144 435 4191 non
453 4126 613 4192 Laconica
636 4145 714 4192 usus
734 4127 863 4192 videtur
889 4146 969 4195 esse.
1011 4127 1081 4193 Hac
1104 4127 1230 4195 ratione
1254 4126 1386 4193 adducti

102 4246 223 4312 sumus,
247 4238 285 4296 ut
300 4252 411 4300 rocem
428 4230 623 4316 βαθυχαῖος
646 4233 798 4316 Aeschyli
814 4233 900 4300 iuter
915 4234 1085 4302 Siceliotas
1101 4252 1267 4318 ponemus,
1292 4252 1385 4317 prac-

102 4338 215 4403 sertim
240 4357 311 4405 oum
329 4341 562 4424 Aristophanes
579 4343 675 4409 testis
692 4345 743 4407 est
759 4340 903 4409 Lacones
921 4343 1040 4410 dixisse
1061 4341 1171 4425 χάϊος,
1196 4360 1259 4408 nou
1273 4346 1383 4425 χαῖος.
