3232 5176
746 244 975 327 μὴ..

228 426 384 527 ὀαοοαοι,
409 442 448 511 cf.
464 419 585 525 Πάρις,
610 438 859 524 Σκαμάνδριος,
884 416 1074 520 argumenta
1097 441 1173 504 sunt
1188 435 1379 518 gravissima
1396 455 1505 502 vocem

234 549 373 634 πάλμος
402 554 565 632 receptam
589 566 660 616 esse
689 568 727 614 ex
751 548 860 629 aliqua
883 546 1021 612 dialecto
1046 546 1153 612 Asiae.
1200 545 1280 610 'lum
1303 563 1361 626 per
1384 544 1506 610 iambo-

235 661 375 743 graphos
398 661 432 726 in
455 658 656 743 tragoediam
679 657 777 724 venit.

776 920 965 988 BAAHN.

341 1088 431 1154 Pera.
451 1088 513 1151 658
530 1083 622 1171 (655)
640 1086 724 1150 chor.
741 1082 871 1168 βαλὴο
887 1085 1038 1168 ἀρχαῖος,
1055 1082 1185 1167 βαλὴο
1201 1083 1261 1165 iulo,
1287 1086 1371 1151 ἱκοῦ.
1410 1086 1509 1152 schol.

237 1193 370 1278 βαλῆνα
392 1192 453 1259 τὸν
475 1191 627 1276 βασιλέα.
666 1190 853 1275 Εὐφορίων
877 1191 915 1258 bi
932 1191 1119 1275 Oooptmffl)
1144 1192 1228 1275 φησὶ
1243 1191 1305 1274 τὴν
1322 1190 1509 1258 διάλεκτον.

238 1300 399 1384 βασιλεὺς
422 1300 509 1366 κατὰ
527 1299 701 1382 Θουρίους.
745 1299 840 1382 Soph
860 1299 921 1382 lrg.
939 1303 1004 1364 472
1021 1305 1112 1366 metr.
1131 1301 1191 1364 inc.
1210 1300 1251 1365 ἰώ
1274 1297 1402 1382 βαλήν
1426 1300 1512 1382 apud

239 1410 325 1476 Sext.
342 1409 434 1492 Emp.
452 1428 484 1490 p.
499 1410 573 1485 672,
587 1410 643 1472 26:
670 1408 702 1472 οῑ
724 1405 819 1490 παρὰ
842 1410 892 1490 τῷ
917 1405 1091 1490 Σοφοκλεῖ
1111 1407 1271 1490 ποιμένες
1295 1407 1357 1488 „iob
1378 1405 1508 1490 βαλήα“

239 1515 395 1598 λέγοντες
429 1515 471 1580 ἰὼ
504 1513 644 1599 βασιλεῦ
681 1514 816 1596 λέγουσι
846 1513 1013 1597 nooman.
1060 1514 1142 1582 Item
1172 1516 1248 1581 Hes.
1279 1532 1304 1581 s.
1326 1535 1355 1581 v.
1386 1513 1511 1598 βαλήν·

238 1621 398 1706 βασιλεὺς
423 1620 624 1708 Φρογιστλῖ).

346 1730 467 1795 Eadem
490 1749 550 1796 uox
573 1727 688 1812 ιιαλήν
715 1729 836 1811 scripta
867 1733 956 1795 extat
985 1730 1018 1794 in
1042 1729 1138 1795 titulo
1161 1730 1267 1796 medio
1291 1728 1359 1796 fere
1383 1731 1512 1796 saeculo

191 1871 193 1875 <
240 1840 295 1904 IV.
319 1857 347 1903 a.
365 1837 439 1906 Chr.
456 1858 488 1903 n.
512 1839 612 1903 inciso
636 1840 722 1920 apud
745 1837 909 1903 Xanthum
933 1837 1050 1920 Lyciae
1073 1836 1184 1901 urbem
1208 1837 1349 1918 inuento,
1387 1838 1512 1918 Kaibel‚

242 1948 343 2029 epigr.
370 1947 425 2012 Gr.
452 1948 526 2012 768.
553 1949 571 2010 6
595 1944 728 2027 ααλὴν
752 1943 899 2024 Λυκίων,
929 1948 999 2010 τῶν
1022 1944 1096 2009 τότ’
1123 1943 1159 2009 ἐν
1182 1942 1304 2026 ἡλικίᾳ.
1351 1946 1457 2010 Etiam
1481 1948 1513 2010 in

244 2054 361 2135 Cypria
394 2054 605 2135 inscriptione
639 2051 750 2136 βαλήν
783 2055 865 2136 legit
899 2052 954 2119 Six
988 2054 1021 2117 in
1052 2051 1157 2135 Saycii
1192 2055 1282 2119 novis
1312 2052 1438 2134 Cypriis
1466 2054 1514 2117 in-

243 2162 472 2242 scriptionibus
496 2161 600 2244 Abydi
625 2161 806 2243 Thebisque
834 2161 973 2227 inventis
1003 2180 1049 2224 nr.
1068 2162 1119 2242 27,
1155 2161 1369 2240 Proceedings
1399 2158 1434 2224 of
1458 2160 1515 2227 the

244 2267 314 2334 Soc.
333 2268 367 2334 ol
379 2267 463 2334 Bibl.
482 2267 575 2335 Arch.
593 2268 653 2334 vol.
667 2268 713 2334 VI
735 2287 767 2350 p.
785 2269 972 2348 toa—222,
998 2267 1036 2333 cf.
1060 2268 1190 2334 Deeclre
1214 2269 1301 2350 apud
1323 2269 1517 2333 Bursianum

245 2375 305 2439 vol.
323 2378 364 2439 44
388 2372 502 2461 (1883)
527 2396 556 2458 p.
573 2377 646 2440 271.
682 2376 828 2459 Denique
853 2377 933 2440 satis
957 2374 1170 2458 probabiliter
1193 2373 1308 2456 ιιαλήν
1330 2395 1389 2457 pro
1413 2374 1518 2440 πάλιν

245 2483 278 2546 in
302 2483 532 2563 epigrammate
556 2483 734 2566 Byzantina
759 2483 799 2547 ad
818 2483 968 2565 Aeschyli
992 2483 1108 2548 Persas
1133 2483 1296 2564 adscripto
1321 2480 1430 2567 (Anth.
1447 2483 1517 2550 Pal.

110 2592 112 2596 ’
245 2590 307 2656 vol.
324 2588 373 2653 III
396 2591 446 2655 ed.
463 2591 570 2656 Didot.
586 2591 631 2658 IV
648 2592 726 2672 848)
751 2591 938 2656 restitutum
963 2596 1026 2656 est:
1063 2587 1190 2672 Ξέρξης
1221 2587 1258 2654 δὲ
1284 2588 1399 2672 παλὴν
1423 2588 1519 2655 ὁοσὶν

248 2693 410 2778 ἡιιηιλεὶς
432 2697 556 2779 μάχαις
579 2697 617 2763 cf.
641 2718 670 2763 v.
693 2698 900 2777 Herwerden‚
925 2699 1009 2764 stud.
1034 2698 1067 2761 in
1091 2700 1193 2780 epigr.
1218 2699 1272 2764 Gr.
1298 2718 1329 2779 p.
1348 2700 1399 2764 80.

354 2804 415 2869 Vel
439 2806 618 2886 scripturae
633 2807 792 2870 varietate
817 2805 1056 2869 demonstratur
1072 2823 1181 2870 uocem
1196 2802 1306 2886 βαλήν
1323 2806 1390 2870 sive
1405 2803 1521 2887 ααλήο

250 2930 312 2975 non
337 2929 409 2976 esse
426 2911 592 2978 Graecam.
632 2913 804 2995 Phrygiam
827 2912 906 2976 dicit
929 2909 1012 2977 Sext.
1034 2911 1125 2993 Emp.
1149 2910 1287 2977 fortasse
1311 2919 1408 2994 recte,
1434 2921 1521 2978 certe

252 3016 427 3100 Asiatica³)
451 3017 523 3100 fuit,
553 3019 587 3085 id
610 3020 695 3100 quod
719 3020 833 3085 titulus
858 3039 984 3102 quoque
1009 3019 1171 3085 Xanthius
1194 3019 1311 3102 probat
1335 3039 1393 3086 nec
1416 3021 1520 3085 minus

253 3125 401 3208 Cyprius,
438 3127 466 3191 si
500 3126 630 3209 quidem
651 3132 752 3193 >recte
786 3128 1038 3208 interpretamur
1072 3127 1211 3193 litteras.
1267 3128 1386 3207 Quodsi
1422 3128 1519 3193 schol.

253 3233 401 3316 Aeschyli
424 3235 464 3298 de
481 3233 609 3299 Thuriis
624 3235 722 3299 verba
745 3233 833 3314 lacit,
859 3236 926 3301 sive
944 3255 1033 3300 error
1051 3241 1103 3300 est
1118 3236 1185 3301 sive
1200 3237 1317 3301 menda
1333 3237 1522 3317 scripturae,

253 3359 330 3404 sane
348 3336 533 3403 ΦΡΥΙὨΝ
552 3342 585 3405 in
602 3336 804 3404 ΘΟΥΡΙΩΝ
822 3342 908 3407 haud
932 3341 1062 3407 difficile
1079 3343 1185 3424 potuit
1202 3345 1371 3424 corrumpi.
1408 3343 1522 3422 Quam·

254 3465 349 3528 quarn
364 3452 472 3512 autern
489 3447 582 3513 hodie
598 3467 657 3514 vox
673 3445 783 3531 βαλήν
799 3451 831 3515 in
848 3449 1030 3514 litterarum
1043 3449 1222 3514 Ionicarum
1239 3451 1384 3532 reliquiis
1396 3469 1459 3514 non
1472 3469 1524 3515 oc·

254 3555 364 3633 currit,
387 3556 440 3619 vix
463 3559 572 3622 tamen
596 3557 692 3623 aliter
715 3558 748 3622 in
772 3558 973 3640 tragoediam
996 3557 1106 3622 venire
1129 3557 1235 3638 potuit
1258 3558 1321 3622 nisi
1342 3576 1402 3638 per
1419 3557 1523 3623 lones

361 3774 384 3842 1)
411 3773 519 3843 Kaibel,
536 3774 588 3843 frg.
609 3793 676 3830 com.
697 3777 821 3831 GraecI
838 3776 958 3844 glossam
975 3778 1048 3831 inter
1065 3778 1191 3832 Italiotas
1211 3794 1265 3833 non
1284 3779 1395 3847 recepit.

360 3862 383 3934 2)
408 3863 511 3917 Eadem
529 3864 654 3918 doctrina
672 3865 796 3918 abutitur
814 3864 913 3936 [Plut]
933 3866 966 3920 da
984 3866 1075 3920 fluviis
1097 3870 1136 3922 12.

360 3951 385 4023 ³)
402 3953 445 4037 'de
472 3952 578 4020 origine
606 3969 702 4007 vocum
729 3954 837 4024 πάλμιις
861 3959 888 4008 et
915 3954 998 4022 βαλήν
1026 3955 1060 4009 cf.
1080 3957 1175 4026 Sapere,
1202 3955 1396 4012 Transactions
1424 3957 1454 4010 of
1479 3957 1525 4012 the

196 4080 201 4088 .
254 4039 287 4092 lt.
307 4040 366 4094 Soc.
386 4040 416 4094 ol
432 4040 502 4096 Bibl.
523 4040 605 4095 Arch.
624 4041 664 4096 IX
681 4059 708 4112 p.
723 4046 781 4098 117.
