3232 5176
652 312 873 378 ..23...

633 542 891 614 ΕΜΜΟΤΟΣ.

233 678 375 762 Ohoeph.
411 683 473 745 471
512 680 604 763 (458)
643 681 726 749 chor.
762 679 916 764 δώμασιν
951 679 1129 764 ἔμμοτον
1162 682 1262 749 τῶνδ’
1305 683 1396 767 ἄκος.

126 787 225 854 schol.
250 785 392 853 ἔνουλον
415 785 436 870 ἢ
460 786 668 872 βαάάτατον.
704 789 822 855 Locum
839 790 1008 856 obscurum
1025 791 1145 871 optimo
1163 791 1396 874 interpretatus

127 899 179 960 est
201 895 241 960 dc
265 895 477 960 Wilamowitz
500 896 532 960 in
557 897 794 978 commentario,
830 917 860 978 p.
878 899 1013 979 rohsn,
1038 897 1127 964 cuius
1152 898 1398 980 explicationem

126 1001 179 1066 hic
213 1002 400 1084 repetimus,
434 1009 471 1068 ut
506 1008 726 1087 cognoscatur,
762 1024 862 1087 quare
896 1025 956 1071 vor
991 1004 1139 1088 ἔμμοτος
1164 1007 1250 1072 Inter
1272 1006 1397 1074 Ionicas

127 1110 275 1190 ponenda
299 1110 350 1177 sit.

233 1216 368 1283 Praeter
392 1218 583 1302 Aeschylum
608 1218 756 1301 ἔμμοτος
779 1220 977 1287 solummodo
1001 1220 1121 1304 legitur
1144 1222 1230 1303 apud
1253 1221 1398 1304 Hippo·

128 1329 278 1390 cratem
302 1325 506 1408 medicosque
529 1327 735 1393 recentiores.

233 1432 330 1515 Hipp.
347 1452 382 1502 π.
401 1431 501 1516 άράρ,
520 1432 592 1516 ἔμβ.
610 1437 662 1514 49,
692 1434 733 1500 Il.
755 1435 886 1499 18419
910 1434 990 1500 Klu.
1027 1433 1107 1500 οὐδὲ
1131 1433 1254 1516 ἔμπυον
1276 1433 1400 1500 πολλοὶ

128 1541 277 1621 γίνονται
293 1538 373 1605 οὐδὲ
389 1540 530 1623 ἔμμοτον
546 1539 626 1605 οὐδὲ
642 1540 913 1623 ἔπισφοκελίσιες
928 1545 999 1606 τῶν
1012 1540 1152 1607 ὀστέων.
1169 1544 1237 1610 sim.
1253 1543 1331 1608 ibid.
1346 1544 1398 1624 50,

131 1647 203 1712 185.
224 1649 263 1712 18
287 1648 378 1728 Klw„
409 1646 495 1716 ἔπκὸ,
520 1647 547 1712 ε’
570 1651 622 1729 26,
646 1649 681 1714 L.
700 1650 737 1714 V.
758 1651 831 1712 224.
864 1645 961 1730 μοχλ.
980 1650 1032 1729 36,
1056 1648 1096 1713 Il.
1116 1651 1227 1715 266.8
1251 1650 1332 1716 Klw.
1356 1648 1399 1732 ἢν

128 1750 158 1817 ‹l'
185 1752 428 1838 άμφιφλασάῇ,
453 1758 619 1839 φυματίαι
641 1757 698 1821 καὶ
719 1753 912 1839 βληχώὸεες
935 1757 991 1820 καὶ
1014 1754 1155 1839 ἔμμοτον
1177 1757 1234 1821 καὶ
1248 1755 1399 1842 πλευρὰς

128 1859 366 1944 caponariam.
403 1863 472 1928 sim.
491 1862 550 1947 aa.
567 1848 605 1930 v.
622 1867 675 1946 rr,
692 1864 727 1929 r..
740 1863 794 1930 rv.
813 1864 888 1945 548,
912 1882 947 1928 a.
964 1885 1034 1945 γον.
1050 1864 1128 1945 aaa.
1143 1867 1172 1944 o,
1190 1865 1225 1929 u.
1238 1863 1308 1930 vu.
1323 1865 1397 1945 aco,

129 1990 200 2048 γυν.
223 1967 256 2052 β’
273 1971 345 2050 134,
369 1970 405 2035 L.
423 1971 508 2036 VIII.
525 1973 600 2054 302,
625 1990 660 2036 π.
686 1971 752 2036 ἑντ.
776 1969 862 2038 acri.
882 1971 932 2053 15,
957 1971 992 2038 L.
1009 1970 1080 2037 VII.
1099 1974 1172 2036 204.
1205 1970 1243 2038 cf.
1259 1970 1397 2055 Hesych.

128 2073 291 2157 ε’μμοτος·
316 2079 527 2159 τραυματίας
550 2076 717 2160 νοσώδης.

235 2183 284 2249 IIx
306 2185 540 2252 recentioribus
557 2186 697 2252 Galenus
720 2185 849 2252 exhibet
872 2189 941 2251 τῶν
959 2185 1119 2267 ἐμμότων
1135 2183 1400 2267 ὀνομαζομένων

130 2290 324 2373 φαρμάκων
346 2295 369 2357 t.
387 2292 476 2373 ΧΠΙ,
493 2312 523 2374 p.
542 2295 607 2359 484
631 2294 738 2370 Kuhn,
755 2295 824 2359 sim.
843 2294 896 2359 XI.
919 2295 991 2375 125,
1008 2293 1093 2359 XIV.
1113 2294 1188 2359 280.
1219 2293 1308 2358 Haec
1324 2298 1399 2358 sunt

128 2398 362 2465 medicamenta
384 2400 525 2466 linteolis
550 2402 730 2483 concerpIIs
755 2405 889 2484 excepta
913 2399 965 2486 (ol.
983 2401 1065 2467 thes.
1083 2399 1209 2486 Steph.)
1235 2418 1337 2483 „quae
1362 2399 1399 2464 ἐν

127 2507 225 2586 μοτῷ
250 2510 355 2571 sunt“.

235 2612 434 2679 Peculiarcm
456 2633 584 2680 sensum
601 2635 661 2681 vox
681 2617 766 2697 apud
782 2616 1013 2698 Hippocratem
1030 2616 1148 2697 adepta
1165 2619 1227 2682 est:
1252 2613 1399 2696 ἑμμοτος

129 2724 188 2797 est,
213 2721 266 2802 qui
289 2724 396 2802 μοτῷ,
421 2722 453 2787 id
478 2729 528 2788 est
550 2723 650 2789 linteo
675 2729 846 2807 concerpto
871 2729 1013 2804 sanatur,
1039 2724 1123 2806 quod
1147 2723 1334 2805 plerumque
1350 2720 1396 2801 fic,

129 2826 157 2890 si
176 2827 291 2893 vulnus
315 2826 446 2909 ἔμπυον
470 2835 529 2906 cst,
552 2837 590 2894 ut
613 2831 827 2913 periculosum
852 2831 1012 2897 iudicetur
1035 2831 1149 2896 vulnus
1166 2829 1306 2895 exterius
1324 2847 1396 2893 con·

129 2933 216 2998 trahi
241 2940 274 2998 et
298 2936 413 3016 claudi,
439 2937 513 3001 dum
536 2940 625 3002 πῦον
647 2938 735 3003 intus
751 2945 926 3004 remaneat.
964 2939 1042 3003 Tum
1058 2937 1270 3003 infercInntur
1286 2936 1395 3016 lintea,

130 3047 168 3105 ut
201 3043 315 3109 vulnus
350 3062 389 3108 cx
424 3042 522 3110 lundo
558 3052 698 3111 sanctur.
746 3045 798 3110 Ita
821 3065 881 3111 vox
909 3043 1058 3127 ἔμμοτος
1080 3046 1243 3110 notionem
1267 3041 1398 3125 ἔμπυος

129 3151 265 3232 accepit,
301 3152 376 3233 quia
401 3149 532 3233 ἔμπυον
556 3150 654 3234 ἕλκος
676 3153 772 3219 simul
796 3151 944 3234 ἔμμοτον
967 3158 1026 3220 cst.
1075 3153 1179 3218 Testis
1203 3151 1297 3216 huius
1320 3168 1397 3215 usus

128 3259 345 3340 Hippocrates
361 3259 420 3324 loc.
438 3279 548 3326 comm.
567 3267 626 3326 cst.
662 3261 781 3325 Eadem
798 3261 924 3326 ratione
941 3261 1025 3342 apud
1042 3259 1232 3341 Aeschylum
1249 3255 1398 3339 ἔμμοτον

131 3363 215 3446 άκος
238 3371 288 3432 est
315 3367 567 3447 renoramini,
604 3386 698 3449 quam
723 3386 820 3449 supra
844 3367 1008 3448 descripsi,
1046 3365 1083 3431 cl.
1109 3366 1148 3431 dc
1171 3363 1397 3430 Wilamouitz:

131 3473 189 3538 das
205 3460 288 3539 libel
312 3472 395 3540 muls
418 3474 652 3557 hcrauseitern,
676 3475 760 3540 unde
783 3474 898 3539 vulnus
916 3491 998 3554 sero,
1023 3473 1080 3539 sed
1097 3471 1240 3537 funditus
1256 3475 1398 3537 sanctur.

129 3580 219 3645 Haeo
252 3581 339 3646 vocis
374 3579 523 3664 ἔμμοτος
557 3581 748 3664 significatIo
774 3580 929 3664 Aeschylo
954 3585 987 3646 ct
1009 3580 1200 3663 Hippocrati
1225 3580 1398 3645 communis

130 3688 216 3768 apud
251 3707 304 3754 eos
340 3694 411 3754 orta
447 3692 509 3770 est,
545 3690 599 3771 qui
635 3708 760 3755 omnem
791 3688 986 3754 medicorum
1015 3693 1118 3754 artem
1146 3688 1287 3769 itemque
1316 3686 1399 3750 hanc

131 3795 266 3860 sanandi
302 3796 460 3862 cottonem
495 3797 695 3872 invenerunt,
732 3797 765 3862 id
794 3800 843 3862 est
877 3796 962 3878 apud
985 3794 1093 3875 Ioncs;
1129 3814 1203 3860 nam
1226 3813 1334 3860 vocem
1358 3793 1398 3858 ad

130 3903 383 3968 vetustissimam
418 3909 559 3970 aetatem
594 3904 724 3970 Ionibus
760 3909 793 3970 et
821 3905 936 3970 Atticis
973 3922 1169 3969 communem
1193 3902 1344 3971 recodere
1368 3905 1401 3975 et
1526 3934 1532 3951 ·

131 4009 259 4091 priscae
282 4010 409 4076 Atthidi
432 4011 634 4077 tribuendam
659 4030 729 4078 esse
752 4012 805 4077 vix
828 4013 996 4094 quisquam
1021 4011 1141 4077 credat.

604 4214 931 4283 ΕΠΑΡΓΕΜΟΣ.

238 4350 343 4417 Prom.
367 4353 431 4415 499
457 4349 548 4436 (501)
571 4353 656 4419 trim.
703 4353 760 4416 καὶ
784 4350 952 4435 φλογωπὰ
976 4353 1110 4435 σήματα
1135 4351 1139 4435 Ι
1168 4351 1402 4434 ἐξωμμάτωσα

131 4455 287 4540 πρόσάεν
311 4455 385 4522 ὄντ’
411 4458 629 4542 ἐπάργεμα.
684 4465 737 4541 „et
760 4461 853 4542 signa
875 4460 982 4526 lucida
1006 4459 1163 4543 explicavi
1187 4466 1285 4526 antea
1308 4478 1402 4525 caeca

134 4569 192 4651 (=
208 4565 386 4656 obscura)“.
423 4567 521 4633 schol.
545 4565 660 4651 τυφλά
676 4619 684 4636 .
703 4618 735 4638 ..
757 4567 930 4655 ἐπάργεμα
954 4566 991 4633 δὲ
1013 4570 1140 4655 κυρίως
1162 4567 1205 4640 τὰ
1227 4566 1401 4654 λευκωμα-
