3232 5176
693 272 909 334 ,9οα

167 453 392 539 φερέγγυον
421 447 460 515 τὸ
486 448 548 515 σόν
594 447 791 536 (Apollinis).
839 448 973 515 Accedit
997 446 1166 531 Sophoclis
1189 447 1279 513 locus
1303 446 1354 512 El.
1379 449 1444 512 942

164 563 250 627 trim.
285 561 319 625 τί
344 558 407 642 γὰρ
436 555 593 639 κελεύεις,
630 555 680 622 ὧν
711 556 776 639 ἐγὼ
807 558 1039 640 φερέγγυος,
1076 555 1172 622 schol.
1208 576 1242 639 φ.
1268 553 1444 636 λέγεταιὸ

165 665 416 748 ἀναύεξάμενός
438 683 471 730 τι
492 665 549 730 καὶ
573 661 764 746 δυνάμενος
780 662 942 729 ἀποτῖσαι
958 662 1033 729 οἷον
1050 662 1232 747 ἀξιόχρεως
1247 662 1319 728 κτλ.
1346 664 1445 747 „quid

166 775 250 846 enim
275 775 376 856 iubes,
401 773 487 856 quod
510 790 570 854 ego
594 773 800 854 praestem?“

271 883 393 948 Eadem
439 881 626 947 condicione
664 880 849 945 Herodotus
892 880 1009 961 utimr,
1056 897 1126 944 cum
1165 879 1253 945 dicat
1290 879 1360 946 VII.
1402 882 1444 945 49

165 987 297 1074 (λιμήν)
322 987 507 1072 δεξάμενός
529 1007 588 1053 oco
612 990 715 1053 τούτο
745 968 789 1052 τύ
808 984 970 1052 ναυτικὸν
995 988 1223 1070 φερέγγυος
1256 985 1351 1052 ἔσται
1375 986 1447 1053 dou·

172 1100 281 1163 σῶσαι
303 1094 366 1178 τὰς
387 1097 469 1177 νέας
493 1102 628 1179 „portus
646 1145 654 1160 .
672 1145 680 1160 .
697 1095 873 1162 incolumes
896 1114 996 1162 naves
1013 1096 1072 1161 tibi
1089 1096 1304 1178 praestabit.“
1354 1096 1447 1162 Alter

165 1204 255 1272 locus
294 1210 345 1270 est
379 1204 418 1270 V.
443 1205 485 1269 30
522 1201 627 1285 αύτὸς
660 1201 724 1286 μὲν
758 1201 841 1285 ύμῖν
876 1202 916 1269 ού
949 1202 1177 1286 φερέγγυός
1211 1202 1277 1285 εἰμι
1301 1199 1447 1285 δύναμιν

166 1317 356 1396 παρασχεῖν
384 1311 566 1393 τοσαύτην,
603 1307 692 1376 ὥστε
708 1363 715 1378 .
734 1359 742 1376 .
760 1364 767 1378 .
784 1309 993 1393 Aristagoras
1028 1310 1153 1376 scilicet
1177 1309 1288 1375 Naxiis
1324 1329 1445 1376 morem

165 1439 229 1485 non
259 1420 354 1502 gerit,
382 1425 419 1484 ut
443 1419 489 1486 eis
515 1418 634 1484 auxilio
657 1419 777 1498 ueniat,
813 1436 849 1483 se
879 1418 984 1499 ipsum
1009 1418 1157 1498 polliceri
1191 1435 1254 1483 non
1278 1435 1375 1500 posse
1399 1418 1445 1486 eis

164 1531 273 1595 tantas
309 1526 418 1610 copias
453 1527 594 1607 mittere,
632 1526 761 1609 quantis
796 1543 877 1607 opus
910 1525 954 1590 sit
977 1525 1019 1591 ad
1042 1523 1250 1607 perficienda,
1286 1545 1369 1609 quae
1395 1545 1447 1592 ou·

164 1634 267 1720 piant,
303 1635 414 1716 „illius
449 1633 497 1700 rei
532 1651 568 1700 se
598 1634 794 1715 praedem
829 1651 900 1699 esse
936 1651 1000 1698 non
1035 1634 1165 1717 posse.“
1211 1633 1314 1700 Paulo
1349 1635 1449 1702 aliter

163 1743 264 1808 uertit
298 1741 601 1824 Schweigh'ausems
641 1739 836 1823 „sufficiens
876 1740 1011 1808 idoneus
1053 1747 1086 1807 et
1127 1742 1207 1808 satis
1242 1741 1370 1808 ualidus
1406 1745 1447 1810 ad

163 1851 395 1933 praestandum
418 1851 538 1934 alqd.“,
575 1850 633 1916 sed
655 1849 734 1915 licet
763 1867 893 1916 sensum
916 1849 1004 1915 vocIs
1035 1868 1135 1931 supra
1158 1849 1364 1931 explanatum
1386 1851 1447 1916 hoc

164 1976 293 2040 quoque
317 1958 388 2024 loco
412 1963 535 2024 tenere.
582 1957 729 2039 Denique
760 1957 962 2039 Thucydides
997 1975 1105 2023 uocem
1130 1956 1260 2023 exhibet
1294 1958 1380 2023 VIII.
1406 1961 1446 2024 68

164 2064 392 2152 (Phrynichus)
416 2062 507 2131 πολύ
531 2083 568 2130 τε
595 2063 684 2147 πρὸς
718 2061 761 2129 τὰ
790 2062 893 2144 decad,
918 2061 1101 2148 ἐπειδήπερ
1135 2063 1276 2149 ύπέστη,
1314 2085 1448 2148 φερεγ-

164 2172 381 2254 γνώτστος
405 2172 526 2257 ἐφάνη,
553 2173 652 2240 schol.
677 2171 898 2254 ἱκανώτατος,
931 2172 993 2239 hoc
1021 2178 1071 2239 est
1099 2173 1331 2256 „Phrynichus
1368 2192 1447 2256 quo·

164 2281 250 2345 niam
274 2280 449 2362 oligarchis
485 2280 560 2346 anni
585 2281 649 2345 411
686 2298 722 2346 se
751 2279 937 2362 applicavit,
972 2281 1110 2347 maxime
1146 2282 1304 2348 atrocium
1339 2300 1447 2347 rerum

165 2405 262 2471 praes
287 2406 358 2454 esse
383 2388 470 2455 visus
495 2389 579 2454 est.“

272 2494 394 2561 Eadem
419 2515 480 2561 uox
503 2514 638 2562 munere
653 2495 793 2561 nominis
807 2495 933 2578 proprii
956 2495 1102 2578 Iungitur
1119 2497 1203 2580 apud
1221 2496 1448 2581 Cyrenaeus

164 2605 196 2670 in
222 2603 317 2669 titulo
353 2603 443 2669 tertii
477 2602 546 2671 fere
578 2604 699 2670 sacculi
725 2602 813 2670 u-B.
838 2603 895 2669 111.
921 2605 951 2684 2,
976 2605 1074 2670 4835.
1093 2606 1134 2669 19
1174 2603 1448 2694 <Φ>ερεγγύσ[ν].

164 2712 201 2776 Id
225 2710 289 2776 ium
313 2710 393 2776 satis
417 2711 535 2792 probat
550 2729 660 2777 uocem
678 2710 774 2776 etiam
801 2715 892 2776 extra
909 2710 1019 2776 Asiam
1035 2712 1192 2778 minorem
1208 2718 1319 2778 notam
1335 2711 1447 2797 fuisse,

164 2817 216 2883 uel
239 2819 272 2883 in
298 2817 416 2883 Dorica
449 2818 540 2885 urbe.
588 2819 720 2885 Accedit
743 2836 831 2900 uero,
855 2823 893 2885 ut
916 2837 979 2884 non
1004 2818 1108 2884 solum
1131 2818 1232 2885 Attici
1257 2818 1446 2903 scriptores,

164 2926 236 2991 dico
260 2924 453 3008 Aeschylum
478 2929 512 2991 et
536 2925 762 3008 Thucydidem,
788 2939 865 2991 uoce
890 2926 1002 2992 eadem
1027 2931 1125 3009 atque
1144 2927 1335 3014 Herodotus
1351 2927 1449 2994 liber·

164 3037 234 3099 tate
257 3037 401 3112 utantur,
438 3034 496 3100 sed
520 3033 617 3098 otiam
641 3032 792 3100 formatio
827 3034 909 3100 adeo
938 3039 1069 3101 uetusta
1093 3039 1126 3101 et
1150 3034 1297 3102 obsoleta
1320 3035 1374 3117 sit,
1411 3041 1449 3102 ut

165 3160 235 3206 eam
258 3141 319 3207 hac
343 3141 412 3207 sola
437 3159 534 3207 causa
549 3134 682 3206 adducti
706 3141 807 3207 aetati
825 3141 1084 3209 antehomericae
1108 3141 1333 3208 attribuamus.
1367 3140 1448 3207 Nam

166 3267 286 3330 omnes,
322 3267 403 3332 quac
429 3250 542 3315 eadem
565 3249 693 3314 ratione
724 3247 882 3314 formatae
912 3253 988 3315 sunt
1009 3268 1104 3316 uoces
1127 3249 1277 3315 ineuntes
1301 3268 1320 3313 a
1345 3249 1449 3331 stirpe

167 3357 292 3424 verbali
328 3356 401 3438 ἀγε-
431 3355 526 3439 ἀρχα·
556 3355 645 3422 dtus·
680 3356 747 3440 ε’χε-
778 3354 867 3440 λεχε-
902 3379 997 3440 μενε-
1033 3375 1173 3440 στρεφε-
1210 3377 1306 3441 φερε·
1315 3356 1341 3440 1)
1376 3377 1449 3439 ρει-

169 3470 318 3532 uetustae
354 3469 387 3530 et
421 3484 461 3531 ne
494 3485 558 3530 una
593 3466 722 3549 quidem
758 3469 867 3531 aetate
892 3466 1132 3548 posthumerica
1165 3463 1325 3532 formatae
1360 3470 1448 3532 sunt.

166 3572 259 3639 Unde
285 3568 431 3655 sequitur
455 3591 564 3639 vocem
591 3573 775 3657 φερέγγυος
798 3573 839 3639 ad
863 3578 1005 3641 aetatem
1029 3572 1283 3639 Atheniensibus
1307 3577 1341 3639 et
1360 3571 1447 3638 Ioni·

167 3680 227 3746 bus
252 3698 452 3746 communem
476 3681 640 3748 recedere.

273 3787 416 3853 Tertiam
439 3787 579 3872 denique
614 3777 743 3854 cu'usam
779 3790 854 3855 inde
877 3788 1010 3854 haurire
1044 3788 1131 3870 licet,
1168 3788 1255 3870 quod
1278 3785 1450 3871 ἐχ-έγγνσς

166 3896 350 3979 oppositum
392 3896 479 3962 vocis
524 3897 723 3981 αερ-έγγνος
767 3898 962 3964 adiectivum
1001 3915 1104 3978 acque
1143 3894 1318 3961 formatum
1360 3893 1448 3977 apud

166 4003 382 4069 Athenienses
405 4004 443 4070 V.
468 4005 598 4087 quidem
622 4004 743 4070 saeculi
779 4025 843 4071 non
866 4006 1012 4089 ignotum
1042 4003 1103 4069 fuit
1131 4003 1222 4070 velut
1245 4000 1447 4085 Thucydides

166 4111 297 4192 scripsit
319 4110 376 4177 III.
402 4114 446 4178 46
470 4110 596 4178 σύνισαν
615 4112 681 4196 χρὴ
706 4110 786 4179 ούτε
809 4117 871 4180 τού
896 4111 1053 4178 ύανύτοα
1076 4115 1118 4194 τῇ
1146 4109 1249 4194 ζημίᾳ
1272 4109 1321 4191 ὡς
1344 4109 1450 4193 ε’χεγ-

168 4216 248 4299 γύῳ
276 4219 518 4302 πιστεύσαντες
538 4218 945 4309 χεῖρονξιβσνλεύσασύαι,
969 4218 1008 4287 ci.
1033 4219 1171 4303 Hesyoh.
1196 4238 1223 4285 s.
1238 4238 1267 4284 v.
1291 4216 1449 4318 ἐχεγγύῳ·Ι

275 4484 297 4555 ¹)
317 4483 353 4538 cl.
380 4484 497 4554 Osthoff‚
526 4487 574 4542 das
602 4486 723 4543 Verbum
751 4488 770 4541 i.
798 4486 823 4542 d.
851 4485 1104 4555 Nominalbssdung,
1134 4484 1205 4540 Jena
1234 4486 1311 4554 1878,
1340 4500 1367 4560 p.
1390 4487 1448 4550 137,

167 4575 333 4644 Brugmann‚
350 4573 453 4645 grioeh.
477 4575 596 4630 Gramm.
615 4576 629 4649 ξ
650 4578 749 4634 156.1.
