3232 5176
743 1246 931 1331 GapntIL

196 1411 268 1485 DE
296 1410 366 1487 IIS
393 1407 631 1503 VOCIBUS,
660 1406 807 1504 QUAE
830 1409 1056 1484 Pulscnu
1070 1410 1478 1488 ATHENIENSIUM

504 1531 772 1609 DIALEOTO
800 1533 1164 1616 TRIBUUNTUR.

301 1713 370 1779 Iam
405 1713 622 1780 resistendum
657 1712 750 1778 nobis
785 1717 845 1794 est,
882 1714 945 1779 etsi
980 1714 1105 1796 copiam
1141 1733 1253 1781 vocum
1284 1715 1477 1796 Ionicarum,

195 1841 290 1905 quam
314 1823 489 1904 potuimus,
519 1820 607 1887 nullo
631 1820 726 1887 modo
754 1822 917 1903 persecuti
952 1840 1072 1888 snmus.
1120 1821 1169 1889 Ne
1192 1823 1226 1888 id
1249 1823 1379 1906 quidem
1405 1840 1478 1889 con·

194 1930 328 1996 tendere
352 1930 429 1995 licet
463 1930 533 2012 has,
571 1929 610 1994 de
645 1928 763 2012 quihus
788 1929 1009 2011 disseruimus,
1044 1948 1140 1996 voces
1176 1949 1286 1997 omnes
1322 1936 1380 1997 aut
1410 1933 1477 2014 ple·

192 2057 311 2121 rasque
336 2056 418 2121 esse,
455 2056 536 2120 quas
572 2038 606 2102 in
630 2037 781 2120 Aeschyli
809 2037 987 2119 tragoediis
1023 2037 1118 2103 iustis
1155 2037 1195 2103 dc
1232 2040 1338 2106 causis
1361 2040 1475 2105 Ionum

196 2145 420 2213 consuetudini
456 2144 627 2211 attribuas.
673 2145 800 2210 Revera
834 2146 866 2210 in
899 2145 1087 2211 memoriam
1122 2145 1298 2229 redigimus
1333 2147 1476 2228 lectoris,

195 2255 281 2337 quod
303 2254 396 2319 initio
422 2252 538 2336 capitis
563 2253 579 2318 I
602 2253 848 2335 disputavimus,
873 2270 944 2318 cum
969 2272 1033 2333 eas,
1059 2253 1175 2336 quibus
1191 2251 1302 2319 Ionica
1318 2254 1477 2321 dialectos

196 2361 411 2445 cognoscitur,
447 2361 668 2444 proprietates
696 2360 911 2427 divideremus
944 2360 977 2426 in
1001 2361 1082 2426 duas
1109 2366 1219 2443 partes
1246 2367 1279 2426 et
1306 2362 1477 2428 contende·

194 2489 301 2536 rcrnns
318 2488 389 2534 eam
407 2474 440 2535 et
456 2470 591 2551 prisca
607 2469 781 2535 retinuisse
798 2473 832 2535 et
847 2488 946 2534 nova
962 2466 1094 2534 finxisse
1119 2471 1165 2550 (p.
1186 2470 1250 2552 12).
1274 2471 1388 2535 Actum
1414 2470 1477 2535 iam

195 2578 275 2643 satis
306 2582 356 2643 est
392 2578 432 2644 de
455 2576 546 2643 novis
576 2576 824 2644 formationibus
858 2580 892 2642 ct
925 2576 1097 2642 verborum
1132 2581 1166 2642 et
1194 2575 1476 2658 significationum,

196 2704 276 2769 quas
301 2685 440 2768 primum
464 2685 497 2750 in
523 2684 642 2750 orienti
667 2685 823 2750 Graeciae
846 2688 940 2766 parte
964 2684 1066 2749 factas
1091 2702 1163 2750 esse
1187 2683 1280 2750 nobis
1303 2685 1476 2766 probatum

195 2798 261 2867 est;
285 2793 416 2869 silentio
440 2798 550 2858 antem
579 2793 794 2874 praeterimus
818 2793 926 2877 prisca
950 2798 983 2857 et
999 2790 1180 2857 inveterata
1204 2792 1376 2873 elementa,
1402 2792 1476 2876 quia

195 2919 289 2965 nemo
315 2900 443 2984 estqui
468 2900 592 2980 doceat,
622 2900 708 2966 unde
731 2900 836 2982 possit
858 2899 983 2964 hauriri
1008 2899 1200 2982 cognitionis
1230 2899 1344 2964 harum
1368 2918 1475 2966 rerum

195 3008 248 3074 via
271 3026 309 3072 ac
332 3008 427 3088 ratio,
453 3027 557 3090 neque
581 3008 694 3074 subest
716 3008 750 3074 in
774 3027 809 3073 re
833 3008 906 3090 ipsa
931 3011 1138 3083 momentum,
1163 3026 1225 3090 quo
1255 3007 1365 3073 ductis
1383 3006 1476 3074 nohis

196 3117 390 3182 contendere
425 3116 541 3182 liceret
564 3115 647 3182 hanc
671 3135 782 3182 vocem
816 3116 995 3183 obsoletam
1031 3116 1063 3181 in
1100 3115 1271 3198 tragoedia
1299 3116 1476 3197 putandam

151 3223 268 3290 >esse
291 3223 443 3305 Ionicam,
469 3223 558 3288 illam
583 3225 734 3301 Atticam,
759 3225 890 3291 tertiam
915 3224 1050 3306 epicam.
1097 3222 1185 3289 Satis
1210 3223 1253 3288 sit
1276 3241 1335 3289 nos
1359 3222 1477 3306 viginti

196 3337 254 3397 aut
277 3331 414 3413 triginta
438 3350 531 3399 voces
563 3350 777 3414 comparasse,
814 3351 894 3416 quas
918 3333 1118 3413 gravissimis
1155 3332 1195 3397 de
1220 3332 1325 3397 causis
1350 3332 1476 3399 Ionicas

195 3438 373 3505 iudicamus
398 3457 479 3505 esse.
526 3438 727 3505 Erravernnt
761 3446 880 3525 autern,
917 3442 973 3523 qui
1001 3440 1041 3505 ab
1065 3440 1126 3506 hoc
1150 3459 1226 3506 uno
1250 3445 1377 3506 tantum
1413 3439 1476 3505 fine

195 3544 333 3628 profecti
357 3551 459 3611 totam
475 3546 637 3629 quandam
659 3546 829 3612 verborum
845 3549 961 3614 molem
985 3549 1070 3615 inter
1086 3546 1198 3614 Ionica
1213 3554 1474 3629 numeraverunt,

197 3672 260 3737 qua
284 3654 336 3718 via
360 3654 526 3735 ingressus
550 3653 734 3720 Wittekind
757 3654 909 3737 Sophocli
945 3660 1094 3722 sescenta
1117 3655 1217 3722 verba
1239 3654 1350 3723 Ionica
1374 3656 1474 3737 dedit,

199 3761 260 3827 etsi
288 3767 415 3827 nosmet
443 3762 506 3844 ipsi
530 3781 629 3844 supra
653 3762 790 3828 diximus
813 3763 897 3829 hanc
921 3764 1102 3829 doctrinam
1125 3764 1193 3830 veri
1216 3763 1379 3846 quandam
1404 3781 1476 3846 spe·

197 3870 277 3935 ciem
302 3870 468 3952 praehere.
492 3868 534 3952 Ia,
560 3875 596 3935 ut
619 3875 731 3936 nostra
755 3869 818 3936 fert
843 3871 961 3952 opinio,
987 3871 1074 3936 ultra
1105 3871 1235 3937 mudum
1257 3871 1474 3953 progreditur.

303 3977 394 4057 Nam,
412 3977 483 4059 quis
500 3983 560 4061 est,
578 3978 634 4061 qni
651 3981 749 4059 neget
761 3977 902 4060 tragicos
918 3985 1035 4061 poetas
1049 3979 1081 4042 in
1100 3979 1329 4062 componendis
1345 3983 1475 4063 tragoe-

197 4083 259 4149 diis
271 4083 462 4149 familiarem
476 4103 654 4151 sermonem
672 4104 735 4150 non
748 4085 852 4151 solum
868 4105 931 4152 non
949 4087 1119 4169 sprevisse,
1140 4087 1197 4152 sed
1215 4086 1312 4152 etiarn
1330 4087 1475 4169 quamvis

199 4197 347 4257 ornatum
372 4197 405 4259 et
428 4193 600 4275 splendore
623 4193 869 4276 peregrinarum
904 4214 1016 4261 vocum
1048 4193 1253 4261 commixtum
1277 4194 1474 4278 adhibuisse,

199 4300 311 4365 eadem
336 4300 462 4367 ratione
486 4302 609 4383 ductos,
635 4307 733 4384 atque
756 4303 898 4385 reliquos
914 4307 1039 4387 poetas,
1065 4322 1200 4386 quorum
1218 4303 1360 4368 carmina
1383 4301 1475 4369 fami·

198 4407 290 4472 liaris
326 4409 482 4474 sermonis
510 4410 720 4492 vestigiorum
756 4411 853 4493 plena
888 4413 983 4478 sunt?
1030 4410 1128 4475 Velut
1162 4409 1295 4476 Homeri
1332 4411 1472 4492 Aeolica,

198 4515 287 4599 Ibyci
313 4519 346 4582 et
369 4515 546 4584 Stesichori
571 4516 691 4603 Ionica,
727 4518 943 4602 Hipponactis
967 4519 1068 4602 Lydia
1104 4519 1203 4586 verba
1229 4519 1262 4584 in
1286 4519 1473 4586 memoriam
