3232 5176
654 294 898 358 -107—

138 479 295 544 lecturam
329 473 478 541 benivole
513 491 637 540 mecum
669 471 925 539 communicavit.
945 500 948 509 ·
972 472 1056 539 Illud
1087 469 1246 552 suffixum,
1283 473 1322 538 do
1354 490 1416 554 quo

138 586 314 665 Usenerus
351 580 583 664 Sintflutsagen
619 601 650 665 p.
685 583 780 664 58sq.
815 580 1070 664 locupletissime
1106 579 1183 663 egit,
1220 579 1418 646 Solmsenius

140 700 238 776 negat
266 693 298 758 in
327 690 394 757 ullo
424 689 521 757 verbo
551 690 676 757 Graeco
708 690 849 773 conspici
877 690 940 756 nisi
963 690 997 755 in
1020 706 1097 754 voce
1121 684 1287 772 ὀβρῖκαλα
1322 691 1356 753 et
1385 688 1418 753 in

141 799 319 884 Sophronis
342 817 420 865 voce
441 793 632 880 Ἡρύκαλος
647 797 708 881 irg.
736 798 848 863 148Κ.
881 797 963 864 Nam
978 798 1064 881 qnod
1081 795 1222 876 Curtius,
1248 796 1338 863 Stud.
1355 796 1379 861 1.
1400 800 1415 861 1

140 929 170 993 p.
203 908 266 972 259
276 925 323 991 sq.
361 906 515 972 tractavit
552 906 686 973 verbum
720 903 923 988 γραύκαῖος,
964 911 1074 990 potest
1114 904 1227 971 deduci
1263 924 1283 970 a
1318 905 1420 988 stirpe

143 1014 263 1099 γλανκ-
281 1013 529 1080 dissimilatione
549 1010 730 1080 deformata
754 1013 792 1080 ci.
818 1014 893 1081 Hes.
918 1010 1120 1097 γραύκαλος·
1146 1009 1260 1095 ὅρνις
1282 1011 1419 1095 τεφρός.

141 1125 289 1190 Alterum
312 1126 421 1188 autern
445 1121 582 1188 Useneri
607 1121 797 1204 exemplum,
833 1121 1039 1187 Deucalionis
1069 1139 1183 1187 nomen
1221 1139 1292 1186 cum
1316 1119 1421 1186 Solm-

141 1231 232 1299 senio
267 1249 287 1296 a
321 1229 423 1311 stirpe
461 1227 555 1294 ὀεοκ-
591 1227 844 1314 (Πολνόενῖαης,
882 1226 1066 1310 ἐνδυκέως,
1109 1227 1269 1313 ἀόεοκής)
1305 1229 1421 1296 deduci

144 1344 263 1424 potest,
289 1356 359 1403 eum
382 1335 512 1402 nomina
535 1336 669 1420 propria
691 1336 725 1402 in
749 1335 845 1417 -κῖος
866 1335 1007 1403 formata
1029 1337 1120 1402 iuxta
1135 1335 1361 1403 formationem
1386 1337 1419 1402 in

143 1445 242 1529 αλῆς
277 1446 317 1512 de
352 1441 466 1509 suffixo
496 1442 596 1509 -καλο
625 1444 705 1509 nihil
733 1445 881 1527 probent.
929 1443 1136 1511 Solummodo
1166 1444 1422 1512 deformatione

150 1549 355 1636 Ἡρα-κοῖος
378 1549 529 1617 dubitare
552 1570 617 1617 non
640 1551 727 1629 licet,
750 1551 910 1635 quidquid
933 1552 1033 1636 stirps
1063 1549 1159 1635 Ἡρα·
1183 1551 1353 1636 significat.

251 1660 366 1743 Itaque
390 1659 519 1726 unicum
546 1658 634 1725 illius
657 1657 764 1726 suffixi
788 1660 1008 1727 testimonium
1037 1662 1124 1744 apud
1148 1661 1300 1744 Graecos,
1336 1662 1421 1745 quod

144 1770 258 1854 quinto
288 1768 417 1835 saeculo
446 1768 688 1835 attribuendum
717 1773 778 1848 est,
813 1772 946 1851 praeter
970 1768 1161 1852 Aeschylum
1189 1772 1307 1850 poetae
1336 1767 1424 1836 Sice-

143 1880 243 1945 liotae
267 1878 413 1956 debetur,
437 1880 474 1942 ut
497 1876 617 1942 vocalis
642 1897 664 1940 α
687 1875 867 1942 mutatione
891 1876 991 1944 culo·
1014 1875 1133 1942 iactum
1159 1877 1244 1959 apud
1261 1876 1424 1943 Romanos

145 1984 265 2052 floruit.
312 1985 441 2052 Voealis
477 1989 585 2051 autem
612 1984 750 2051 mutatio
774 2003 815 2052 ne
844 1984 916 2068 quis
947 1985 1052 2068 miret,
1090 1985 1202 2052 eadem
1227 1984 1424 2068 conspicitur

147 2095 180 2159 in
204 2112 281 2162 voce
314 2091 469 2174 ῖταλός·
511 2089 679 2175 Ῥωμαῖος
706 2096 835 2175 ταῦρος
856 2094 946 2175 Hes,
982 2091 1098 2160 Latine
1126 2092 1291 2175 vitulus,
1329 2112 1424 2176 quam

147 2202 298 2270 Italiotae
323 2201 439 2269 Graeci
464 2200 534 2267 sine
558 2200 655 2267 dubio
679 2200 720 2267 ah
743 2201 858 2270 incolis
881 2200 998 2268 Italiae
1021 2206 1222 2285 receperunt.

254 2312 358 2391 Quare
387 2307 539 2375 snifixum
563 2307 688 2390 -καλο-,
725 2309 841 2377 Latine
872 2311 972 2377 -culo·
1008 2310 1120 2377 eadem
1156 2309 1343 2376 condicione
1377 2308 1426 2374 uti

147 2419 285 2499 videtur,
310 2435 348 2483 ac
369 2415 518 2484 suffixum
542 2421 640 2499 -ῖνος,
665 2417 783 2485 Latine
798 2422 894 2500 -inus,
903 2416 928 2503 ¹)
952 2419 984 2485 in
1009 2437 1082 2502 quo,
1107 2419 1193 2502 quod
1216 2417 1311 2500 plura
1333 2415 1427 2483 testi·

148 2526 256 2592 monia
279 2530 408 2592 servata
431 2531 517 2609 sunt,
542 2544 595 2592 res
618 2526 720 2592 multo
745 2526 946 2610 explanatior
971 2531 1030 2593 est.
1076 2526 1114 2593 Id
1138 2527 1171 2592 in
1195 2526 1267 2609 ipsa
1291 2523 1428 2592 Graecia

147 2652 210 2699 non
235 2633 399 2716 reperitur
421 2634 484 2701 nisi
507 2635 541 2700 in
565 2634 749 2702 nominibus
773 2635 936 2702 hominum
960 2635 1049 2702 velut
1064 2632 1244 2717 Κρατῖνος,
1276 2629 1428 2715 Ἀρχῖνος

149 2740 190 2808 al.
240 2739 341 2809 Plane
364 2744 510 2826 ignotum
534 2749 643 2811 autem
679 2744 786 2811 estin
815 2743 982 2810 adiectivis
1012 2742 1169 2826 originem
1198 2739 1425 2822 indicantibus,

148 2850 326 2917 vetustiore
365 2850 496 2934 quidem
534 2855 660 2937 aetate3
699 2871 774 2917 nam
809 2855 917 2918 aetate
952 2852 1097 2918 Romana
1130 2851 1191 2917 hoc
1226 2847 1428 2916 formationis

150 2976 250 3040 genus
289 2957 384 3024 valde
423 2964 551 3025 auctum
591 2964 651 3026 est.
716 2960 869 3026 Traditur
911 2960 1040 3042 quidem
1083 2959 1170 3041 apud
1207 2956 1427 3024 Herodianum

150 3065 174 3130 Ι.
202 3066 346 3148 184.14,
371 3065 412 3133 11.
438 3068 513 3134 888.
533 3069 574 3132 84
599 3067 634 3134 L.
661 3074 694 3135 et
709 3068 909 3151 Stephanum
925 3067 1001 3151 Byz.
1027 3087 1052 3135 s.
1069 3086 1099 3133 v.
1122 3063 1331 3150 Ἃμοργῖνος,
1357 3082 1428 3129 cum

150 3172 246 3239 titulo
268 3172 442 3240 exhibeant
464 3172 639 3259 Ἀμόργνος
662 3176 700 3244 cf.
725 3176 782 3243 IG.
807 3177 832 3243 Ι.
857 3177 939 3258 ind.;
965 3172 1256 3257 Φολεγανόρῖνοος
1272 3171 1429 3254 Stephani

150 3279 299 3364 Byzantii
334 3287 430 3347 vocat
461 3282 559 3350 Solon
594 3284 655 3369 irg.
688 3287 754 3351 al
793 3281 1063 3366 Φολεγανόρῖονς
1096 3286 1200 3347 metro
1235 3279 1429 3362 scripturam

150 3388 370 3456 confirmante.
419 3389 623 3458 Solummodo
652 3389 848 3475 Ἀραντῖνος
872 3411 923 3474 ap.
939 3392 1077 3458 Pausan.
1103 3393 1134 3458 8.
1153 3391 1203 3454 12.
1222 3391 1243 3453 4
1267 3393 1301 3454 et
1316 3386 1427 3470 Steph.

151 3498 231 3581 Byz.
255 3516 281 3564 s.
299 3516 328 3563 v,
359 3493 517 3580 Ἀραντία
540 3503 573 3564 et
595 3497 781 3582 Λεοντῖνος
805 3518 856 3584 ap.
882 3498 992 3582 Steph.
1017 3498 1092 3582 Byz.
1118 3517 1143 3564 s.
1161 3517 1189 3564 v.
1219 3493 1430 3579 Ἀργοαραῖοι

154 3624 269 3671 revera
303 3605 336 3670 in
366 3624 427 3671 usu
450 3605 590 3692 luerunt,
627 3625 710 3690 quae
740 3615 846 3674 tamen
870 3607 1000 3673 nomina
1024 3605 1157 3689 propria
1190 3604 1241 3671 vix
1265 3605 1351 3669 inter
1374 3604 1430 3670 ad·

154 3713 273 3780 iectiva
297 3713 453 3796 originem
478 3714 655 3781 indicantia
678 3717 822 3797 putanda
845 3720 930 3781 sunt.

260 3821 381 3889 Contra
409 3824 495 3904 apud
520 3821 661 3890 Graecos
686 3829 719 3890 et
742 3822 911 3891 Siceliotas
942 3827 975 3889 et
997 3820 1147 3888 Italiotas
1176 3820 1256 3885 haee
1279 3817 1430 3885 formatio

152 3929 262 3996 floruit
291 3927 329 3995 ci.
358 3926 575 4013 Ταραντῖνος,
609 3928 772 4015 Ῥηγῖνος,
802 3929 1071 4011 Μεταποντῖνος,
1107 3925 1302 4010 ntupum,
1338 3922 1432 4008 Ἐρυ-

153 4042 248 4118 κῖνος
270 4036 372 4101 mnlta
396 4034 450 4110 al,
478 4039 515 4100 nt
538 4035 742 4101 Herodianus
773 4035 906 4101 adnotet
929 4034 969 4099 ll.
995 4034 1107 4100 8889
1132 4031 1168 4097 L.
1197 4035 1300 4109 -ῖνος·
1326 4026 1344 4093 ὃ
1369 4026 1432 4092 οὐκ

156 4141 265 4226 ἄηθες
299 4137 451 4206 Σικελῶν
486 4137 523 4203 cf.
558 4137 695 4219 Aureus,
735 4137 808 4202 dial.
845 4136 887 4202 ΙΙ.
917 4156 947 4218 p.
979 4137 1055 4216 390,
1091 4133 1201 4218 Steph.
1239 4133 1314 4215 Byn.
1351 4149 1377 4197 s.
1402 4150 1432 4199 r.

154 4245 336 4333 Ἅρπαλος,
357 4252 393 4314 ut
409 4246 565 4313 Philistus
579 4243 769 4326 Syracusius
785 4262 882 4311 ausus
907 4245 952 4311 sit
968 4241 1157 4309 Ambraciae
1173 4242 1295 4308 incolas
1316 4257 1431 4307 vocare

154 4412 368 4427 „alanna-—

264 4497 344 4570 1)Ι)α
364 4496 416 4554 hoc
429 4496 526 4552 suffixo
546 4495 604 4566 ogit
614 4493 821 4566 Wackernagel,
839 4492 942 4551 Archiv
960 4491 1005 4548 ihr
1017 4491 1065 4551 lat
1078 4489 1221 4562 Lexicogr.
1240 4490 1316 4548 x1v.
1334 4506 1361 4560 p.
1375 4493 1433 4566 leq.
