<?xml version="1.0" encoding="UTF-8"?>
<!DOCTYPE html PUBLIC "-//W3C//DTD XHTML 1.0 Transitional//EN"
    "http://www.w3.org/TR/xhtml1/DTD/xhtml1-transitional.dtd">
<html xmlns="http://www.w3.org/1999/xhtml" xml:lang="en" lang="en">
 <head>
  <title>
</title>
<meta http-equiv="Content-Type" content="text/html;charset=utf-8" />
  <meta name='ocr-system' content='tesseract 3.04.00' />
  <meta name='ocr-capabilities' content='ocr_page ocr_carea ocr_par ocr_line ocrx_word'/>
</head>
<body>
  <div class='ocr_page' id='page_1' title='image "./deaeschylicopia01alygoog_0012.png"; bbox 0 0 3232 5176; ppageno 0'>
   <div class='ocr_carea' id='block_1_1' title="bbox 136 1386 1454 4506">
    <p class='ocr_par' dir='ltr' id='par_1_1' title="bbox 136 1386 1454 4403">
     <span class='ocr_line' id='line_1_1' title="bbox 245 1386 1413 1499; baseline 0.004 -19"><span class='ocrx_word' id='word_1_1' title='bbox 245 1386 471 1499; x_wconf 80' lang='lat' dir='ltr'>Tragoediam</span> <span class='ocrx_word' id='word_1_2' title='bbox 495 1416 635 1482; x_wconf 88' lang='lat' dir='ltr'><strong>Atticam</strong></span> <span class='ocrx_word' id='word_1_3' title='bbox 659 1435 767 1481; x_wconf 90' lang='lat' dir='ltr'><strong>merae</strong></span> <span class='ocrx_word' id='word_1_4' title='bbox 793 1421 826 1482; x_wconf 89' lang='grc'><strong>61</strong></span> <span class='ocrx_word' id='word_1_5' title='bbox 848 1417 1013 1484; x_wconf 82' lang='lat' dir='ltr'><strong>immixtae</strong></span> <span class='ocrx_word' id='word_1_6' title='bbox 1037 1417 1181 1484; x_wconf 89' lang='lat' dir='ltr'><strong>Atthidis</strong></span> <span class='ocrx_word' id='word_1_7' title='bbox 1205 1417 1325 1485; x_wconf 87' lang='lat' dir='ltr'><strong>fontem</strong></span> <span class='ocrx_word' id='word_1_8' title='bbox 1348 1438 1413 1485; x_wconf 94' lang='lat' dir='ltr'><strong>non</strong></span> 
     </span>
     <span class='ocr_line' id='line_1_2' title="bbox 140 1523 1412 1606; baseline 0.003 -20"><span class='ocrx_word' id='word_1_9' title='bbox 140 1541 225 1603; x_wconf 86' lang='lat' dir='ltr'><strong>esse,</strong></span> <span class='ocrx_word' id='word_1_10' title='bbox 261 1523 317 1588; x_wconf 94' lang='lat' dir='ltr'><strong>diu</strong></span> <span class='ocrx_word' id='word_1_11' title='bbox 344 1527 395 1588; x_wconf 89' lang='lat' dir='ltr'><strong>est</strong></span> <span class='ocrx_word' id='word_1_12' title='bbox 423 1542 461 1588; x_wconf 88' lang='grc'><strong>611</strong></span> <span class='ocrx_word' id='word_1_13' title='bbox 490 1542 552 1606; x_wconf 94' lang='lat' dir='ltr'><strong>quo</strong></span> <span class='ocrx_word' id='word_1_14' title='bbox 584 1523 669 1589; x_wconf 86' lang='lat' dir='ltr'><strong>inter</strong></span> <span class='ocrx_word' id='word_1_15' title='bbox 694 1541 804 1589; x_wconf 90' lang='lat' dir='ltr'><strong>omnes</strong></span> <span class='ocrx_word' id='word_1_16' title='bbox 828 1527 965 1588; x_wconf 89' lang='lat' dir='ltr'><strong>constat.</strong></span> <span class='ocrx_word' id='word_1_17' title='bbox 1013 1525 1119 1606; x_wconf 83' lang='lat' dir='ltr'><strong>Atque</strong></span> <span class='ocrx_word' id='word_1_18' title='bbox 1142 1523 1293 1591; x_wconf 84' lang='lat' dir='ltr'><strong>facillime</strong></span> <span class='ocrx_word' id='word_1_19' title='bbox 1318 1525 1351 1590; x_wconf 92' lang='lat' dir='ltr'><strong>id</strong></span> <span class='ocrx_word' id='word_1_20' title='bbox 1374 1526 1412 1590; x_wconf 91' lang='lat' dir='ltr'><strong>iu</strong></span> 
     </span>
     <span class='ocr_line' id='line_1_3' title="bbox 139 1630 1412 1714; baseline 0.002 -20"><span class='ocrx_word' id='word_1_21' title='bbox 139 1630 310 1695; x_wconf 87' lang='lat' dir='ltr'><strong>canticis</strong></span> <span class='ocrx_word' id='word_1_22' title='bbox 335 1631 540 1714; x_wconf 82' lang='lat' dir='ltr'><strong>conspicitur,</strong></span> <span class='ocrx_word' id='word_1_23' title='bbox 574 1649 656 1714; x_wconf 88' lang='lat' dir='ltr'><strong>qnae</strong></span> <span class='ocrx_word' id='word_1_24' title='bbox 684 1650 747 1696; x_wconf 94' lang='lat' dir='ltr'><strong>non</strong></span> <span class='ocrx_word' id='word_1_25' title='bbox 773 1630 875 1696; x_wconf 90' lang='lat' dir='ltr'><strong>solnm</strong></span> <span class='ocrx_word' id='word_1_26' title='bbox 899 1631 1025 1696; x_wconf 87' lang='lat' dir='ltr'><strong>Doricis</strong></span> <span class='ocrx_word' id='word_1_27' title='bbox 1050 1630 1161 1697; x_wconf 89' lang='lat' dir='ltr'><strong>formis</strong></span> <span class='ocrx_word' id='word_1_28' title='bbox 1184 1637 1319 1712; x_wconf 84' lang='lat' dir='ltr'><strong>scatent,</strong></span> <span class='ocrx_word' id='word_1_29' title='bbox 1356 1634 1412 1697; x_wconf 88' lang='lat' dir='ltr'><strong>sed</strong></span> 
     </span>
     <span class='ocr_line' id='line_1_4' title="bbox 139 1737 1413 1822; baseline 0.002 -19"><span class='ocrx_word' id='word_1_30' title='bbox 139 1738 237 1803; x_wconf 90' lang='lat' dir='ltr'><strong>etiam</strong></span> <span class='ocrx_word' id='word_1_31' title='bbox 254 1737 363 1803; x_wconf 89' lang='lat' dir='ltr'><strong>Ionica</strong></span> <span class='ocrx_word' id='word_1_32' title='bbox 380 1741 412 1803; x_wconf 92' lang='lat' dir='ltr'><strong>et</strong></span> <span class='ocrx_word' id='word_1_33' title='bbox 428 1737 559 1803; x_wconf 82' lang='lat' dir='ltr'><strong>Aeolica</strong></span> <span class='ocrx_word' id='word_1_34' title='bbox 583 1738 742 1804; x_wconf 87' lang='lat' dir='ltr'><strong>elementa</strong></span> <span class='ocrx_word' id='word_1_35' title='bbox 765 1737 852 1803; x_wconf 91' lang='lat' dir='ltr'><strong>haud</strong></span> <span class='ocrx_word' id='word_1_36' title='bbox 875 1755 977 1819; x_wconf 89' lang='lat' dir='ltr'><strong>pauca</strong></span> <span class='ocrx_word' id='word_1_37' title='bbox 994 1739 1169 1805; x_wconf 87' lang='lat' dir='ltr'><strong>continent.</strong></span> <span class='ocrx_word' id='word_1_38' title='bbox 1209 1739 1320 1822; x_wconf 87' lang='lat' dir='ltr'><strong>Neque</strong></span> <span class='ocrx_word' id='word_1_39' title='bbox 1336 1758 1413 1806; x_wconf 86' lang='lat' dir='ltr'><strong>vero</strong></span> 
     </span>
     <span class='ocr_line' id='line_1_5' title="bbox 140 1844 1412 1912; baseline 0.002 -3"><span class='ocrx_word' id='word_1_40' title='bbox 140 1845 235 1911; x_wconf 87' lang='lat' dir='ltr'><strong>aliter</strong></span> <span class='ocrx_word' id='word_1_41' title='bbox 270 1844 539 1911; x_wconf 88' lang='lat' dir='ltr'><strong>diverhiorum</strong></span> <span class='ocrx_word' id='word_1_42' title='bbox 575 1864 680 1911; x_wconf 88' lang='lat' dir='ltr'><strong>sermo</strong></span> <span class='ocrx_word' id='word_1_43' title='bbox 716 1845 814 1910; x_wconf 90' lang='lat' dir='ltr'><strong>variis</strong></span> <span class='ocrx_word' id='word_1_44' title='bbox 855 1863 894 1909; x_wconf 85' lang='lat' dir='ltr'><strong>ex</strong></span> <span class='ocrx_word' id='word_1_45' title='bbox 928 1844 1094 1911; x_wconf 87' lang='lat' dir='ltr'><strong>elementis</strong></span> <span class='ocrx_word' id='word_1_46' title='bbox 1130 1847 1318 1912; x_wconf 85' lang='lat' dir='ltr'><strong>commixtus</strong></span> <span class='ocrx_word' id='word_1_47' title='bbox 1354 1851 1412 1912; x_wconf 89' lang='lat' dir='ltr'><strong>est.</strong></span> 
     </span>
     <span class='ocr_line' id='line_1_6' title="bbox 140 1952 1415 2035; baseline 0.001 -19"><span class='ocrx_word' id='word_1_48' title='bbox 140 1953 281 2031; x_wconf 80' lang='lat' dir='ltr'><strong>Quorum</strong></span> <span class='ocrx_word' id='word_1_49' title='bbox 309 1953 446 2035; x_wconf 89' lang='lat' dir='ltr'><strong>vestigia</strong></span> <span class='ocrx_word' id='word_1_50' title='bbox 474 1953 535 2017; x_wconf 88' lang='lat' dir='ltr'><strong>viri</strong></span> <span class='ocrx_word' id='word_1_51' title='bbox 571 1953 657 2019; x_wconf 91' lang='lat' dir='ltr'><strong>docti</strong></span> <span class='ocrx_word' id='word_1_52' title='bbox 686 1953 791 2035; x_wconf 92' lang='lat' dir='ltr'><strong>primo</strong></span> <span class='ocrx_word' id='word_1_53' title='bbox 821 1970 972 2017; x_wconf 90' lang='lat' dir='ltr'><strong>sonorum</strong></span> <span class='ocrx_word' id='word_1_54' title='bbox 1000 1957 1127 2018; x_wconf 89' lang='lat' dir='ltr'><strong>tantum</strong></span> <span class='ocrx_word' id='word_1_55' title='bbox 1154 1953 1280 2020; x_wconf 89' lang='lat' dir='ltr'><strong>ratione</strong></span> <span class='ocrx_word' id='word_1_56' title='bbox 1304 1952 1415 2019; x_wconf 87' lang='lat' dir='ltr'><strong>habita</strong></span> 
     </span>
     <span class='ocr_line' id='line_1_7' title="bbox 140 2059 1413 2143; baseline 0.002 -19"><span class='ocrx_word' id='word_1_57' title='bbox 140 2059 409 2142; x_wconf 90' lang='lat' dir='ltr'><strong>conquisiverunt.</strong></span> <span class='ocrx_word' id='word_1_58' title='bbox 456 2061 526 2125; x_wconf 91' lang='lat' dir='ltr'><strong>Hac</strong></span> <span class='ocrx_word' id='word_1_59' title='bbox 557 2061 609 2126; x_wconf 88' lang='lat' dir='ltr'><strong>uia</strong></span> <span class='ocrx_word' id='word_1_60' title='bbox 643 2060 822 2127; x_wconf 88' lang='lat' dir='ltr'><strong>certissime</strong></span> <span class='ocrx_word' id='word_1_61' title='bbox 852 2078 930 2125; x_wconf 87' lang='lat' dir='ltr'><strong>sane</strong></span> <span class='ocrx_word' id='word_1_62' title='bbox 957 2059 1104 2141; x_wconf 83' lang='lat' dir='ltr'><strong>singulae</strong></span> <span class='ocrx_word' id='word_1_63' title='bbox 1132 2059 1254 2126; x_wconf 89' lang='lat' dir='ltr'><strong>formae</strong></span> <span class='ocrx_word' id='word_1_64' title='bbox 1279 2060 1413 2143; x_wconf 89' lang='lat' dir='ltr'><strong>singulis</strong></span> 
     </span>
     <span class='ocr_line' id='line_1_8' title="bbox 140 2167 1417 2250; baseline -0.001 -17"><span class='ocrx_word' id='word_1_65' title='bbox 140 2167 286 2233; x_wconf 83' lang='lat' dir='ltr'><strong>dialectis</strong></span> <span class='ocrx_word' id='word_1_66' title='bbox 314 2168 531 2242; x_wconf 85' lang='lat' dir='ltr'><strong>vindicantur,</strong></span> <span class='ocrx_word' id='word_1_67' title='bbox 569 2168 738 2234; x_wconf 91' lang='lat' dir='ltr'><strong>dummodo</strong></span> <span class='ocrx_word' id='word_1_68' title='bbox 772 2171 912 2250; x_wconf 83' lang='lat' dir='ltr'><strong>constet,</strong></span> <span class='ocrx_word' id='word_1_69' title='bbox 948 2172 1102 2250; x_wconf 92' lang='lat' dir='ltr'><strong>quantum</strong></span> <span class='ocrx_word' id='word_1_70' title='bbox 1137 2167 1343 2234; x_wconf 89' lang='lat' dir='ltr'><strong>tribuendum</strong></span> <span class='ocrx_word' id='word_1_71' title='bbox 1373 2167 1417 2233; x_wconf 88' lang='lat' dir='ltr'><strong>sit</strong></span> 
     </span>
     <span class='ocr_line' id='line_1_9' title="bbox 140 2273 1415 2356; baseline 0 -16"><span class='ocrx_word' id='word_1_72' title='bbox 140 2275 326 2340; x_wconf 86' lang='lat' dir='ltr'><strong>auctoritati</strong></span> <span class='ocrx_word' id='word_1_73' title='bbox 351 2275 494 2341; x_wconf 91' lang='lat' dir='ltr'><strong>codicum</strong></span> <span class='ocrx_word' id='word_1_74' title='bbox 517 2273 627 2339; x_wconf 85' lang='lat' dir='ltr'><strong>fallaci</strong></span> <span class='ocrx_word' id='word_1_75' title='bbox 651 2275 683 2338; x_wconf 95' lang='lat' dir='ltr'><strong>in</strong></span> <span class='ocrx_word' id='word_1_76' title='bbox 707 2274 757 2339; x_wconf 92' lang='lat' dir='ltr'><strong>his</strong></span> <span class='ocrx_word' id='word_1_77' title='bbox 774 2273 929 2355; x_wconf 86' lang='lat' dir='ltr'><strong>minutiis,</strong></span> <span class='ocrx_word' id='word_1_78' title='bbox 954 2274 1115 2355; x_wconf 88' lang='lat' dir='ltr'><strong>imprimis</strong></span> <span class='ocrx_word' id='word_1_79' title='bbox 1131 2275 1164 2339; x_wconf 93' lang='lat' dir='ltr'><strong>in</strong></span> <span class='ocrx_word' id='word_1_80' title='bbox 1181 2275 1415 2356; x_wconf 83' lang='lat' dir='ltr'><strong>distinguendis</strong></span> 
     </span>
     <span class='ocr_line' id='line_1_10' title="bbox 136 2381 1416 2465; baseline 0.003 -23"><span class='ocrx_word' id='word_1_81' title='bbox 136 2383 302 2448; x_wconf 83' lang='lat' dir='ltr'><strong>..vocalibus</strong></span> <span class='ocrx_word' id='word_1_82' title='bbox 332 2403 353 2447; x_wconf 90' lang='grc' dir='ltr'><em>α</em></span> <span class='ocrx_word' id='word_1_83' title='bbox 378 2386 410 2447; x_wconf 87' lang='grc'><strong>61</strong></span> <span class='ocrx_word' id='word_1_84' title='bbox 432 2404 469 2464; x_wconf 83' lang='grc' dir='ltr'><strong>η,</strong></span> <span class='ocrx_word' id='word_1_85' title='bbox 506 2401 588 2465; x_wconf 90' lang='lat' dir='ltr'><strong>quae</strong></span> <span class='ocrx_word' id='word_1_86' title='bbox 620 2382 735 2447; x_wconf 91' lang='lat' dir='ltr'><strong>summi</strong></span> <span class='ocrx_word' id='word_1_87' title='bbox 762 2381 916 2447; x_wconf 90' lang='lat' dir='ltr'><strong>momenti</strong></span> <span class='ocrx_word' id='word_1_88' title='bbox 945 2385 1020 2446; x_wconf 88' lang='lat' dir='ltr'><strong>sunt</strong></span> <span class='ocrx_word' id='word_1_89' title='bbox 1044 2383 1084 2445; x_wconf 93' lang='lat' dir='ltr'><strong>ad</strong></span> <span class='ocrx_word' id='word_1_90' title='bbox 1108 2383 1323 2448; x_wconf 85' lang='lat' dir='ltr'><strong>secernendus</strong></span> <span class='ocrx_word' id='word_1_91' title='bbox 1348 2381 1416 2447; x_wconf 89' lang='lat' dir='ltr'><strong>dia-</strong></span> 
     </span>
     <span class='ocr_line' id='line_1_11' title="bbox 140 2488 1415 2573; baseline 0.002 -20"><span class='ocrx_word' id='word_1_92' title='bbox 140 2490 250 2557; x_wconf 77' lang='lat' dir='ltr'><strong>lectos,</strong></span> <span class='ocrx_word' id='word_1_93' title='bbox 286 2491 378 2555; x_wconf 90' lang='lat' dir='ltr'><strong>Hanc</strong></span> <span class='ocrx_word' id='word_1_94' title='bbox 405 2492 464 2572; x_wconf 88' lang='lat' dir='ltr'><strong>„de</strong></span> <span class='ocrx_word' id='word_1_95' title='bbox 487 2491 608 2556; x_wconf 89' lang='lat' dir='ltr'><strong>vocalis</strong></span> <span class='ocrx_word' id='word_1_96' title='bbox 633 2510 654 2554; x_wconf 90' lang='grc' dir='ltr'><em>α</em></span> <span class='ocrx_word' id='word_1_97' title='bbox 678 2510 775 2573; x_wconf 84' lang='lat' dir='ltr'><strong>proq</strong></span> <span class='ocrx_word' id='word_1_98' title='bbox 799 2491 831 2553; x_wconf 93' lang='lat' dir='ltr'><strong>in</strong></span> <span class='ocrx_word' id='word_1_99' title='bbox 848 2489 1044 2570; x_wconf 88' lang='lat' dir='ltr'><strong>tragicorum</strong></span> <span class='ocrx_word' id='word_1_100' title='bbox 1057 2488 1255 2555; x_wconf 86' lang='lat' dir='ltr'><strong>Graecorum</strong></span> <span class='ocrx_word' id='word_1_101' title='bbox 1270 2489 1415 2557; x_wconf 86' lang='lat' dir='ltr'><strong>uersibus</strong></span> 
     </span>
     <span class='ocr_line' id='line_1_12' title="bbox 141 2595 1415 2681; baseline 0.001 -19"><span class='ocrx_word' id='word_1_102' title='bbox 141 2597 297 2664; x_wconf 88' lang='lat' dir='ltr'><strong>trimetris</strong></span> <span class='ocrx_word' id='word_1_103' title='bbox 321 2607 399 2664; x_wconf 88' lang='lat' dir='ltr'><strong>usu“</strong></span> <span class='ocrx_word' id='word_1_104' title='bbox 427 2600 648 2681; x_wconf 88' lang='lat' dir='ltr'><strong>quaestionem</strong></span> <span class='ocrx_word' id='word_1_105' title='bbox 669 2595 1256 2678; x_wconf 80' lang='lat' dir='ltr'><strong>instituitC.BarlenBonnae1872,</strong></span> <span class='ocrx_word' id='word_1_106' title='bbox 1282 2598 1415 2663; x_wconf 86' lang='lat' dir='ltr'><strong>Doricos</strong></span> 
     </span>
     <span class='ocr_line' id='line_1_13' title="bbox 140 2704 1414 2788; baseline 0.003 -20"><span class='ocrx_word' id='word_1_107' title='bbox 140 2705 222 2786; x_wconf 89' lang='grc'>11166,</span> <span class='ocrx_word' id='word_1_108' title='bbox 248 2725 330 2788; x_wconf 89' lang='lat' dir='ltr'><strong>quae</strong></span> <span class='ocrx_word' id='word_1_109' title='bbox 353 2711 517 2786; x_wconf 84' lang='lat' dir='ltr'><strong>uocantur,</strong></span> <span class='ocrx_word' id='word_1_110' title='bbox 541 2704 660 2771; x_wconf 84' lang='lat' dir='ltr'><strong>formas</strong></span> <span class='ocrx_word' id='word_1_111' title='bbox 685 2705 860 2788; x_wconf 84' lang='lat' dir='ltr'><strong>antiquiori</strong></span> <span class='ocrx_word' id='word_1_112' title='bbox 877 2705 1056 2770; x_wconf 90' lang='lat' dir='ltr'><strong>Atticorum</strong></span> <span class='ocrx_word' id='word_1_113' title='bbox 1074 2704 1209 2787; x_wconf 92' lang='lat' dir='ltr'><strong>linguae</strong></span> <span class='ocrx_word' id='word_1_114' title='bbox 1225 2705 1414 2772; x_wconf 93' lang='lat' dir='ltr'><strong>tribuendas</strong></span> 
     </span>
     <span class='ocr_line' id='line_1_14' title="bbox 140 2811 1412 2894; baseline -0.002 -15"><span class='ocrx_word' id='word_1_115' title='bbox 140 2831 210 2879; x_wconf 89' lang='grc'>6666</span> <span class='ocrx_word' id='word_1_116' title='bbox 245 2818 345 2880; x_wconf 92' lang='lat' dir='ltr'><strong>ratus.</strong></span> <span class='ocrx_word' id='word_1_117' title='bbox 402 2812 471 2879; x_wconf 91' lang='lat' dir='ltr'><strong>Iam</strong></span> <span class='ocrx_word' id='word_1_118' title='bbox 505 2819 580 2880; x_wconf 89' lang='lat' dir='ltr'><strong>ante</strong></span> <span class='ocrx_word' id='word_1_119' title='bbox 616 2832 686 2878; x_wconf 92' lang='lat' dir='ltr'><strong>eum</strong></span> <span class='ocrx_word' id='word_1_120' title='bbox 722 2811 757 2877; x_wconf 83' lang='grc' dir='ltr'><strong>Ο.</strong></span> <span class='ocrx_word' id='word_1_121' title='bbox 788 2812 925 2878; x_wconf 90' lang='lat' dir='ltr'><strong>Althaus</strong></span> <span class='ocrx_word' id='word_1_122' title='bbox 967 2814 1006 2877; x_wconf 93' lang='lat' dir='ltr'><strong>de</strong></span> <span class='ocrx_word' id='word_1_123' title='bbox 1040 2813 1189 2878; x_wconf 89' lang='lat' dir='ltr'><strong>universo</strong></span> <span class='ocrx_word' id='word_1_124' title='bbox 1225 2813 1412 2894; x_wconf 91' lang='lat' dir='ltr'><strong>tragoediae</strong></span> 
     </span>
     <span class='ocr_line' id='line_1_15' title="bbox 140 2919 1411 3005; baseline 0.001 -21"><span class='ocrx_word' id='word_1_125' title='bbox 140 2920 289 2985; x_wconf 91' lang='lat' dir='ltr'><strong>Dorismo</strong></span> <span class='ocrx_word' id='word_1_126' title='bbox 313 2921 472 3003; x_wconf 87' lang='lat' dir='ltr'><strong>quaesivit</strong></span> <span class='ocrx_word' id='word_1_127' title='bbox 495 2920 601 2987; x_wconf 90' lang='lat' dir='ltr'><strong>Berol.</strong></span> <span class='ocrx_word' id='word_1_128' title='bbox 626 2923 721 3005; x_wconf 92' lang='grc'>1866,</span> <span class='ocrx_word' id='word_1_129' title='bbox 747 2920 867 2985; x_wconf 91' lang='lat' dir='ltr'><strong>additis</strong></span> <span class='ocrx_word' id='word_1_130' title='bbox 892 2919 976 2986; x_wconf 91' lang='lat' dir='ltr'><strong>curis</strong></span> <span class='ocrx_word' id='word_1_131' title='bbox 1000 2921 1148 2987; x_wconf 91' lang='lat' dir='ltr'><strong>secundis</strong></span> <span class='ocrx_word' id='word_1_132' title='bbox 1172 2919 1291 3003; x_wconf 89' lang='lat' dir='ltr'><strong>Spand.</strong></span> <span class='ocrx_word' id='word_1_133' title='bbox 1311 2922 1411 3003; x_wconf 77' lang='lat'>18703</span> 
     </span>
     <span class='ocr_line' id='line_1_16' title="bbox 141 3027 1412 3111; baseline -0.002 -17"><span class='ocrx_word' id='word_1_134' title='bbox 141 3033 243 3094; x_wconf 91' lang='lat' dir='ltr'><strong>totam</strong></span> <span class='ocrx_word' id='word_1_135' title='bbox 260 3029 403 3093; x_wconf 86' lang='lat' dir='ltr'><strong>Graecae</strong></span> <span class='ocrx_word' id='word_1_136' title='bbox 427 3028 614 3111; x_wconf 88' lang='lat' dir='ltr'><strong>tragoediae</strong></span> <span class='ocrx_word' id='word_1_137' title='bbox 632 3029 805 3095; x_wconf 89' lang='lat' dir='ltr'><strong>dialectum</strong></span> <span class='ocrx_word' id='word_1_138' title='bbox 822 3027 1062 3094; x_wconf 88' lang='lat' dir='ltr'><strong>accuratissime</strong></span> <span class='ocrx_word' id='word_1_139' title='bbox 1077 3029 1231 3094; x_wconf 87' lang='lat' dir='ltr'><strong>tractavit</strong></span> <span class='ocrx_word' id='word_1_140' title='bbox 1245 3027 1281 3094; x_wconf 93' lang='grc' dir='ltr'><strong>Β.</strong></span> <span class='ocrx_word' id='word_1_141' title='bbox 1300 3027 1412 3108; x_wconf 75' lang='lat' dir='ltr'><strong>dorth,</strong></span> 
     </span>
     <span class='ocr_line' id='line_1_17' title="bbox 142 3133 1451 3219; baseline -0.002 -19"><span class='ocrx_word' id='word_1_142' title='bbox 142 3135 229 3201; x_wconf 85' lang='lat' dir='ltr'><strong>Curt.</strong></span> <span class='ocrx_word' id='word_1_143' title='bbox 248 3135 338 3202; x_wconf 85' lang='lat' dir='ltr'><strong>Stud.</strong></span> <span class='ocrx_word' id='word_1_144' title='bbox 355 3135 381 3202; x_wconf 93' lang='grc' dir='ltr'><strong>Ι.</strong></span> <span class='ocrx_word' id='word_1_145' title='bbox 399 3136 428 3202; x_wconf 82' lang='grc'><strong>2,</strong></span> <span class='ocrx_word' id='word_1_146' title='bbox 455 3137 570 3218; x_wconf 90' lang='grc'>(1868)</span> <span class='ocrx_word' id='word_1_147' title='bbox 594 3155 624 3217; x_wconf 92' lang='lat' dir='ltr'><strong>p.</strong></span> <span class='ocrx_word' id='word_1_148' title='bbox 644 3137 707 3199; x_wconf 80' lang='lat'><strong>225</strong></span> <span class='ocrx_word' id='word_1_149' title='bbox 722 3155 789 3219; x_wconf 90' lang='lat' dir='ltr'><strong>sqq.</strong></span> <span class='ocrx_word' id='word_1_150' title='bbox 838 3137 918 3201; x_wconf 89' lang='lat' dir='ltr'><strong>Tum</strong></span> <span class='ocrx_word' id='word_1_151' title='bbox 941 3136 982 3199; x_wconf 89' lang='lat' dir='ltr'><strong>de</strong></span> <span class='ocrx_word' id='word_1_152' title='bbox 1007 3135 1155 3217; x_wconf 87' lang='lat' dir='ltr'><strong>Aeschyli</strong></span> <span class='ocrx_word' id='word_1_153' title='bbox 1179 3133 1289 3200; x_wconf 86' lang='lat' dir='ltr'><strong>formis</strong></span> <span class='ocrx_word' id='word_1_154' title='bbox 1313 3135 1412 3216; x_wconf 91' lang='lat' dir='ltr'><strong>epicis</strong></span> <span class='ocrx_word' id='word_1_155' title='bbox 1427 3134 1451 3217; x_wconf 53' lang='lat' dir='ltr'><strong>l</strong></span> 
     </span>
     <span class='ocr_line' id='line_1_18' title="bbox 141 3220 1454 3325; baseline -0.003 -17"><span class='ocrx_word' id='word_1_156' title='bbox 141 3243 208 3324; x_wconf 88' lang='lat' dir='ltr'><strong>egit</strong></span> <span class='ocrx_word' id='word_1_157' title='bbox 231 3244 267 3311; x_wconf 88' lang='lat' dir='ltr'><strong>B.</strong></span> <span class='ocrx_word' id='word_1_158' title='bbox 292 3244 447 3308; x_wconf 89' lang='lat' dir='ltr'><strong>Franklin</strong></span> <span class='ocrx_word' id='word_1_159' title='bbox 475 3244 507 3308; x_wconf 92' lang='lat' dir='ltr'><strong>in</strong></span> <span class='ocrx_word' id='word_1_160' title='bbox 537 3244 642 3325; x_wconf 87' lang='lat' dir='ltr'><strong>prima</strong></span> <span class='ocrx_word' id='word_1_161' title='bbox 670 3249 763 3325; x_wconf 89' lang='lat' dir='ltr'><strong>parte</strong></span> <span class='ocrx_word' id='word_1_162' title='bbox 788 3243 1039 3309; x_wconf 88' lang='lat' dir='ltr'><strong>dissertationis:</strong></span> <span class='ocrx_word' id='word_1_163' title='bbox 1077 3243 1194 3307; x_wconf 87' lang='lat' dir='ltr'><strong>Traces</strong></span> <span class='ocrx_word' id='word_1_164' title='bbox 1218 3220 1454 3323; x_wconf 47' lang='grc' dir='ltr'><strong>6161116111-ιχ</strong></span> 
     </span>
     <span class='ocr_line' id='line_1_19' title="bbox 139 3349 1411 3434; baseline -0.002 -18"><span class='ocrx_word' id='word_1_165' title='bbox 139 3349 263 3416; x_wconf 82' lang='lat' dir='ltr'><strong>fluente</strong></span> <span class='ocrx_word' id='word_1_166' title='bbox 297 3351 330 3416; x_wconf 89' lang='lat' dir='ltr'><strong>in</strong></span> <span class='ocrx_word' id='word_1_167' title='bbox 365 3352 420 3417; x_wconf 92' lang='lat' dir='ltr'><strong>the</strong></span> <span class='ocrx_word' id='word_1_168' title='bbox 455 3352 619 3434; x_wconf 86' lang='lat' dir='ltr'><strong>tragedias</strong></span> <span class='ocrx_word' id='word_1_169' title='bbox 660 3351 694 3417; x_wconf 89' lang='lat' dir='ltr'><strong>of</strong></span> <span class='ocrx_word' id='word_1_170' title='bbox 725 3351 917 3433; x_wconf 85' lang='lat' dir='ltr'><strong>Aeschylus,</strong></span> <span class='ocrx_word' id='word_1_171' title='bbox 956 3351 1133 3415; x_wconf 90' lang='lat' dir='ltr'><strong>Baltimore</strong></span> <span class='ocrx_word' id='word_1_172' title='bbox 1174 3350 1269 3416; x_wconf 83' lang='lat'><strong>1895.</strong></span> <span class='ocrx_word' id='word_1_173' title='bbox 1330 3349 1411 3415; x_wconf 90' lang='lat' dir='ltr'><strong>Item</strong></span> 
     </span>
     <span class='ocr_line' id='line_1_20' title="bbox 142 3457 1413 3540; baseline -0.002 -15"><span class='ocrx_word' id='word_1_174' title='bbox 142 3458 308 3540; x_wconf 86' lang='lat' dir='ltr'><strong>Sophoclis</strong></span> <span class='ocrx_word' id='word_1_175' title='bbox 328 3457 453 3526; x_wconf 83' lang='lat' dir='ltr'><strong>Ionicos</strong></span> <span class='ocrx_word' id='word_1_176' title='bbox 477 3460 647 3525; x_wconf 87' lang='lat' dir='ltr'><strong>verborum</strong></span> <span class='ocrx_word' id='word_1_177' title='bbox 672 3458 791 3525; x_wconf 90' lang='lat' dir='ltr'><strong>formas</strong></span> <span class='ocrx_word' id='word_1_178' title='bbox 817 3459 978 3540; x_wconf 87' lang='lat' dir='ltr'><strong>congessit</strong></span> <span class='ocrx_word' id='word_1_179' title='bbox 993 3458 1034 3522; x_wconf 93' lang='lat' dir='ltr'><strong>H.</strong></span> <span class='ocrx_word' id='word_1_180' title='bbox 1048 3458 1231 3523; x_wconf 89' lang='lat' dir='ltr'><strong>Wittekind</strong></span> <span class='ocrx_word' id='word_1_181' title='bbox 1251 3457 1283 3521; x_wconf 93' lang='lat' dir='ltr'><strong>in</strong></span> <span class='ocrx_word' id='word_1_182' title='bbox 1305 3457 1413 3539; x_wconf 89' lang='lat' dir='ltr'><strong>priore</strong></span> 
     </span>
     <span class='ocr_line' id='line_1_21' title="bbox 141 3564 1412 3649; baseline -0.001 -18"><span class='ocrx_word' id='word_1_183' title='bbox 141 3573 234 3649; x_wconf 91' lang='lat' dir='ltr'><strong>parte</strong></span> <span class='ocrx_word' id='word_1_184' title='bbox 265 3567 503 3633; x_wconf 90' lang='lat' dir='ltr'><strong>dissertationis</strong></span> <span class='ocrx_word' id='word_1_185' title='bbox 529 3567 691 3635; x_wconf 89' lang='lat' dir='ltr'><strong>Gissensis</strong></span> <span class='ocrx_word' id='word_1_186' title='bbox 724 3569 782 3643; x_wconf 87' lang='lat' dir='ltr'><strong>„de</strong></span> <span class='ocrx_word' id='word_1_187' title='bbox 806 3585 952 3632; x_wconf 88' lang='lat' dir='ltr'><strong>sermono</strong></span> <span class='ocrx_word' id='word_1_188' title='bbox 975 3564 1175 3648; x_wconf 82' lang='lat' dir='ltr'><strong>Sophocleo“</strong></span> <span class='ocrx_word' id='word_1_189' title='bbox 1200 3565 1412 3647; x_wconf 90' lang='lat' dir='ltr'><strong>conscriptae,</strong></span> 
     </span>
     <span class='ocr_line' id='line_1_22' title="bbox 140 3675 1414 3758; baseline -0.003 -19"><span class='ocrx_word' id='word_1_190' title='bbox 140 3675 308 3757; x_wconf 88' lang='lat' dir='ltr'><strong>Budingae</strong></span> <span class='ocrx_word' id='word_1_191' title='bbox 335 3677 430 3740; x_wconf 82' lang='grc'>1895.</span> <span class='ocrx_word' id='word_1_192' title='bbox 481 3675 530 3740; x_wconf 91' lang='lat' dir='ltr'><strong>De</strong></span> <span class='ocrx_word' id='word_1_193' title='bbox 557 3675 714 3758; x_wconf 89' lang='lat' dir='ltr'><strong>Aeschylo</strong></span> <span class='ocrx_word' id='word_1_194' title='bbox 751 3675 972 3758; x_wconf 86' lang='lat' dir='ltr'><strong>quaestionem</strong></span> <span class='ocrx_word' id='word_1_195' title='bbox 1006 3692 1109 3754; x_wconf 88' lang='lat' dir='ltr'><strong>nuper</strong></span> <span class='ocrx_word' id='word_1_196' title='bbox 1143 3692 1202 3755; x_wconf 94' lang='lat' dir='ltr'><strong>pro</strong></span> <span class='ocrx_word' id='word_1_197' title='bbox 1236 3677 1329 3753; x_wconf 89' lang='lat' dir='ltr'><strong>parte</strong></span> <span class='ocrx_word' id='word_1_198' title='bbox 1363 3689 1414 3736; x_wconf 91' lang='lat' dir='ltr'><strong>re·</strong></span> 
     </span>
     <span class='ocr_line' id='line_1_23' title="bbox 140 3781 1413 3866; baseline -0.002 -20"><span class='ocrx_word' id='word_1_199' title='bbox 140 3783 294 3849; x_wconf 86' lang='lat' dir='ltr'><strong>tractauit</strong></span> <span class='ocrx_word' id='word_1_200' title='bbox 317 3783 356 3848; x_wconf 93' lang='lat' dir='ltr'><strong>de</strong></span> <span class='ocrx_word' id='word_1_201' title='bbox 379 3782 465 3848; x_wconf 87' lang='lat' dir='ltr'><strong>Mass</strong></span> <span class='ocrx_word' id='word_1_202' title='bbox 489 3783 522 3847; x_wconf 94' lang='lat' dir='ltr'><strong>in</strong></span> <span class='ocrx_word' id='word_1_203' title='bbox 549 3784 810 3866; x_wconf 85' lang='lat' dir='ltr'><strong>„quaestionibus</strong></span> <span class='ocrx_word' id='word_1_204' title='bbox 840 3785 879 3848; x_wconf 94' lang='lat' dir='ltr'><strong>de</strong></span> <span class='ocrx_word' id='word_1_205' title='bbox 903 3783 1136 3865; x_wconf 89' lang='lat' dir='ltr'><strong>epigrammate</strong></span> <span class='ocrx_word' id='word_1_206' title='bbox 1160 3781 1266 3845; x_wconf 91' lang='lat' dir='ltr'><strong>Attico</strong></span> <span class='ocrx_word' id='word_1_207' title='bbox 1292 3784 1325 3843; x_wconf 92' lang='lat' dir='ltr'><strong>et</strong></span> <span class='ocrx_word' id='word_1_208' title='bbox 1347 3782 1413 3843; x_wconf 92' lang='lat' dir='ltr'><strong>tra·</strong></span> 
     </span>
     <span class='ocr_line' id='line_1_24' title="bbox 142 3886 1414 3973; baseline -0.004 -18"><span class='ocrx_word' id='word_1_209' title='bbox 142 3890 256 3972; x_wconf 90' lang='lat' dir='ltr'><strong>goedia</strong></span> <span class='ocrx_word' id='word_1_210' title='bbox 279 3891 461 3973; x_wconf 90' lang='lat' dir='ltr'><strong>antiquiore</strong></span> <span class='ocrx_word' id='word_1_211' title='bbox 485 3891 695 3971; x_wconf 86' lang='lat' dir='ltr'><strong>dialecticis“‚</strong></span> <span class='ocrx_word' id='word_1_212' title='bbox 721 3892 852 3956; x_wconf 90' lang='lat' dir='ltr'><strong>Bonnae</strong></span> <span class='ocrx_word' id='word_1_213' title='bbox 878 3892 972 3956; x_wconf 91' lang='grc'>1898.</span> <span class='ocrx_word' id='word_1_214' title='bbox 1018 3889 1055 3953; x_wconf 90' lang='lat' dir='ltr'><strong>In</strong></span> <span class='ocrx_word' id='word_1_215' title='bbox 1079 3889 1262 3954; x_wconf 86' lang='lat' dir='ltr'><strong>uniuersum</strong></span> <span class='ocrx_word' id='word_1_216' title='bbox 1285 3886 1324 3951; x_wconf 92' lang='lat' dir='ltr'><strong>de</strong></span> <span class='ocrx_word' id='word_1_217' title='bbox 1348 3890 1414 3951; x_wconf 89' lang='grc'>116-</span> 
     </span>
     <span class='ocr_line' id='line_1_25' title="bbox 142 3992 1412 4081; baseline -0.002 -20"><span class='ocrx_word' id='word_1_218' title='bbox 142 3998 276 4080; x_wconf 91' lang='lat' dir='ltr'><strong>goediae</strong></span> <span class='ocrx_word' id='word_1_219' title='bbox 301 4016 446 4064; x_wconf 89' lang='lat' dir='ltr'><strong>sermone</strong></span> <span class='ocrx_word' id='word_1_220' title='bbox 472 3998 649 4080; x_wconf 89' lang='lat' dir='ltr'><strong>disputavit</strong></span> <span class='ocrx_word' id='word_1_221' title='bbox 673 3999 830 4081; x_wconf 90' lang='lat' dir='ltr'><strong>imprimis</strong></span> <span class='ocrx_word' id='word_1_222' title='bbox 855 3999 894 4064; x_wconf 91' lang='lat' dir='ltr'><strong>de</strong></span> <span class='ocrx_word' id='word_1_223' title='bbox 918 3997 1131 4063; x_wconf 87' lang='lat' dir='ltr'><strong>Wilamowitz</strong></span> <span class='ocrx_word' id='word_1_224' title='bbox 1154 3993 1300 4077; x_wconf 88' lang='lat' dir='ltr'><strong>pluribus</strong></span> <span class='ocrx_word' id='word_1_225' title='bbox 1323 3992 1412 4076; x_wconf 86' lang='lat' dir='ltr'><strong>locis,</strong></span> 
     </span>
     <span class='ocr_line' id='line_1_26' title="bbox 143 4100 1412 4189; baseline -0.001 -20"><span class='ocrx_word' id='word_1_226' title='bbox 143 4104 181 4171; x_wconf 89' lang='lat' dir='ltr'><strong>cf.</strong></span> <span class='ocrx_word' id='word_1_227' title='bbox 197 4105 294 4171; x_wconf 91' lang='lat' dir='ltr'><strong>Verh.</strong></span> <span class='ocrx_word' id='word_1_228' title='bbox 320 4105 349 4170; x_wconf 91' lang='lat' dir='ltr'><strong>d.</strong></span> <span class='ocrx_word' id='word_1_229' title='bbox 376 4107 427 4170; x_wconf 80' lang='lat'><strong>32.</strong></span> <span class='ocrx_word' id='word_1_230' title='bbox 452 4106 643 4173; x_wconf 85' lang='lat' dir='ltr'><strong>Phil-Vens.</strong></span> <span class='ocrx_word' id='word_1_231' title='bbox 669 4106 863 4174; x_wconf 89' lang='lat' dir='ltr'><strong>Wiesbaden</strong></span> <span class='ocrx_word' id='word_1_232' title='bbox 883 4109 979 4189; x_wconf 85' lang='grc'>1877,</span> <span class='ocrx_word' id='word_1_233' title='bbox 1004 4125 1034 4187; x_wconf 91' lang='lat' dir='ltr'><strong>p.</strong></span> <span class='ocrx_word' id='word_1_234' title='bbox 1054 4107 1095 4170; x_wconf 83' lang='lat'><strong>36</strong></span> <span class='ocrx_word' id='word_1_235' title='bbox 1109 4123 1188 4186; x_wconf 86' lang='lat' dir='ltr'><strong>sqq,</strong></span> <span class='ocrx_word' id='word_1_236' title='bbox 1212 4102 1366 4169; x_wconf 89' lang='lat' dir='ltr'><strong>Zeitschr.</strong></span> <span class='ocrx_word' id='word_1_237' title='bbox 1391 4100 1412 4168; x_wconf 89' lang='lat' dir='ltr'><strong>f.</strong></span> 
     </span>
     <span class='ocr_line' id='line_1_27' title="bbox 143 4210 1414 4297; baseline -0.002 -19"><span class='ocrx_word' id='word_1_238' title='bbox 143 4211 436 4295; x_wconf 86' lang='lat' dir='ltr'><strong>Gymnasialwesen</strong></span> <span class='ocrx_word' id='word_1_239' title='bbox 462 4214 557 4293; x_wconf 81' lang='grc'>1884,</span> <span class='ocrx_word' id='word_1_240' title='bbox 582 4233 613 4295; x_wconf 91' lang='lat' dir='ltr'><strong>p.</strong></span> <span class='ocrx_word' id='word_1_241' title='bbox 634 4216 695 4278; x_wconf 82' lang='lat'><strong>106</strong></span> <span class='ocrx_word' id='word_1_242' title='bbox 710 4232 790 4297; x_wconf 79' lang='lat' dir='ltr'><strong>sqq..</strong></span> <span class='ocrx_word' id='word_1_243' title='bbox 824 4214 907 4279; x_wconf 92' lang='lat' dir='ltr'><strong>Phil.</strong></span> <span class='ocrx_word' id='word_1_244' title='bbox 931 4213 1060 4279; x_wconf 89' lang='lat' dir='ltr'><strong>Unters.</strong></span> <span class='ocrx_word' id='word_1_245' title='bbox 1078 4211 1150 4294; x_wconf 87' lang='lat' dir='ltr'><strong>VH,</strong></span> <span class='ocrx_word' id='word_1_246' title='bbox 1174 4230 1205 4293; x_wconf 88' lang='lat' dir='ltr'><strong>p.</strong></span> <span class='ocrx_word' id='word_1_247' title='bbox 1224 4211 1297 4292; x_wconf 88' lang='lat'>310,</span> <span class='ocrx_word' id='word_1_248' title='bbox 1332 4210 1414 4276; x_wconf 93' lang='lat' dir='ltr'><strong>Her·</strong></span> 
     </span>
     <span class='ocr_line' id='line_1_28' title="bbox 142 4319 628 4403; baseline 0.002 -19"><span class='ocrx_word' id='word_1_249' title='bbox 142 4319 628 4403; x_wconf 60' lang='lat' dir='ltr'><strong>cfflmmmpffld</strong></span> 
     </span>
    </p>

    <p class='ocr_par' dir='ltr' id='par_1_2' title="bbox 249 4425 1414 4506">
     <span class='ocr_line' id='line_1_29' title="bbox 249 4425 1414 4506; baseline -0.003 -14"><span class='ocrx_word' id='word_1_250' title='bbox 249 4426 372 4506; x_wconf 81' lang='lat' dir='ltr'><strong>Quibus</strong></span> <span class='ocrx_word' id='word_1_251' title='bbox 389 4429 532 4494; x_wconf 89' lang='lat' dir='ltr'><strong>virorum</strong></span> <span class='ocrx_word' id='word_1_252' title='bbox 545 4429 714 4495; x_wconf 86' lang='lat' dir='ltr'><strong>doctorum</strong></span> <span class='ocrx_word' id='word_1_253' title='bbox 730 4428 846 4496; x_wconf 87' lang='lat' dir='ltr'><strong>studiis</strong></span> <span class='ocrx_word' id='word_1_254' title='bbox 862 4429 943 4495; x_wconf 90' lang='lat' dir='ltr'><strong>haec</strong></span> <span class='ocrx_word' id='word_1_255' title='bbox 962 4429 1043 4496; x_wconf 88' lang='lat' dir='ltr'><strong>satis</strong></span> <span class='ocrx_word' id='word_1_256' title='bbox 1061 4426 1248 4494; x_wconf 88' lang='lat' dir='ltr'><strong>confirmata</strong></span> <span class='ocrx_word' id='word_1_257' title='bbox 1265 4425 1414 4491; x_wconf 81' lang='lat' dir='ltr'><strong>videntur</strong></span> 
     </span>
    </p>
   </div>
   <div class='ocr_carea' id='block_1_2' title="bbox 143 4520 1585 4696">
    <p class='ocr_par' dir='ltr' id='par_1_3' title="bbox 143 4520 1585 4696">
     <span class='ocr_line' id='line_1_30' title="bbox 143 4520 1585 4618; baseline -0.003 -18"><span class='ocrx_word' id='word_1_258' title='bbox 143 4553 230 4602; x_wconf 90' lang='lat' dir='ltr'><strong>esse:</strong></span> <span class='ocrx_word' id='word_1_259' title='bbox 255 4534 364 4601; x_wconf 90' lang='lat' dir='ltr'><strong>Omnis</strong></span> <span class='ocrx_word' id='word_1_260' title='bbox 387 4543 557 4618; x_wconf 91' lang='lat' dir='ltr'><strong>poetarum</strong></span> <span class='ocrx_word' id='word_1_261' title='bbox 574 4537 768 4603; x_wconf 84' lang='lat' dir='ltr'><strong>Graecorum</strong></span> <span class='ocrx_word' id='word_1_262' title='bbox 794 4555 898 4602; x_wconf 91' lang='lat' dir='ltr'><strong>sermo</strong></span> <span class='ocrx_word' id='word_1_263' title='bbox 922 4535 1098 4603; x_wconf 86' lang='lat' dir='ltr'><strong>artificiose</strong></span> <span class='ocrx_word' id='word_1_264' title='bbox 1119 4534 1313 4616; x_wconf 89' lang='lat' dir='ltr'><strong>compositus</strong></span> <span class='ocrx_word' id='word_1_265' title='bbox 1331 4550 1415 4598; x_wconf 91' lang='lat' dir='ltr'><strong>com·</strong></span> <span class='ocrx_word' id='word_1_266' title='bbox 1433 4546 1450 4571; x_wconf 63' lang='lat'><em>³</em></span> <span class='ocrx_word' id='word_1_267' title='bbox 1468 4520 1561 4601; x_wconf 40' lang='grc'>11111,</span> <span class='ocrx_word' id='word_1_268' title='bbox 1582 4555 1585 4559; x_wconf 95' lang='lat'>·</span> 
     </span>
     <span class='ocr_line' id='line_1_31' title="bbox 196 4638 1237 4696; baseline 0.016 -17"><span class='ocrx_word' id='word_1_269' title='bbox 196 4638 261 4693; x_wconf 83' lang='lat' dir='ltr'><strong>A1y‚</strong></span> <span class='ocrx_word' id='word_1_270' title='bbox 275 4639 308 4682; x_wconf 85' lang='lat' dir='ltr'><strong>De</strong></span> <span class='ocrx_word' id='word_1_271' title='bbox 323 4640 428 4694; x_wconf 76' lang='lat' dir='ltr'><strong>Aeschyli</strong></span> <span class='ocrx_word' id='word_1_272' title='bbox 442 4640 506 4695; x_wconf 75' lang='lat' dir='ltr'><strong>copia</strong></span> <span class='ocrx_word' id='word_1_273' title='bbox 519 4641 642 4686; x_wconf 76' lang='lat' dir='ltr'><strong>verborum.</strong></span> <span class='ocrx_word' id='word_1_274' title='bbox 1225 4644 1237 4696; x_wconf 90' lang='grc'><strong>1</strong></span> 
     </span>
    </p>
   </div>
   <div class='ocr_carea' id='block_1_3' title="bbox 0 0 1627 5176">
    <p class='ocr_par' dir='ltr' id='par_1_4' title="bbox 0 0 1627 5176">
     <span class='ocr_line' id='line_1_32' title="bbox 0 0 1627 5176; baseline 0 0"><span class='ocrx_word' id='word_1_275' title='bbox 0 0 1627 5176; x_wconf 95' lang='lat' dir='ltr'><strong> </strong></span> 
     </span>
    </p>
   </div>
  </div>
 </body>
</html>
