3232 5176
688 309 907 372 ..46-

162 486 240 550 item
263 485 297 550 in
320 485 499 551 vetustiore
521 485 632 567 lingua
656 487 823 554 communi.
859 486 954 567 Apud
977 485 1102 550 Atticos
1126 490 1235 551 autem
1260 487 1442 568 scriptores

162 611 295 675 prorsus
330 593 431 673 deest,
467 593 530 657 uisi
565 594 650 675 quod
679 594 796 676 tragici
822 598 939 676 poetae
968 597 1002 658 et
1028 594 1160 674 proprie
1191 599 1224 660 et
1252 594 1376 659 tralate
1404 614 1444 660 ea

163 706 307 767 utantur.

270 808 359 886 Quae
389 825 459 871 cum
487 807 534 871 ita
563 809 638 887 sint,
673 807 879 891 Rutherford,
911 829 943 875 n.
966 809 1042 875 Phr.
1066 828 1098 890 p.
1120 811 1161 872 14
1192 825 1305 874 vocem
1337 806 1444 890 ἀμφι

164 911 271 994 ἀέξιος
293 915 432 997 priscam
448 914 589 980 Atticam
606 913 705 980 fuisse
721 916 895 996 contendit,
920 918 1005 998 quod
1020 916 1115 982 facile
1132 916 1162 980 ei
1179 915 1443 994 concederemus,

163 1023 192 1086 si
215 1023 302 1103 apud
325 1021 467 1104 tragicos
490 1027 604 1103 poetas
621 1022 775 1103 primario
791 1029 917 1088 tantum
933 1042 1030 1090 sensu
1045 1024 1219 1104 legeretur,
1244 1030 1303 1087 aut
1320 1022 1443 1088 tralato

163 1130 311 1211 quodam,
341 1130 395 1211 qui
419 1129 601 1195 necessario
626 1148 665 1194 ex
687 1130 841 1211 primario
865 1130 1086 1206 deduceretur,
1115 1130 1149 1196 id
1172 1130 1259 1212 quod
1284 1130 1326 1195 de
1342 1129 1443 1211 signi-

163 1234 313 1301 ficatione
340 1254 419 1318 ,par
442 1236 475 1300 in
498 1242 669 1317 utramque
692 1243 838 1317 partem“
857 1255 950 1303 nemo
972 1244 1030 1318 est,
1056 1238 1132 1320 quin
1157 1238 1278 1318 credat,
1305 1238 1370 1303 etsi
1387 1236 1444 1303 illa

164 1361 183 1407 a
206 1361 302 1408 seusu
326 1344 481 1425 primario
495 1362 568 1409 vnon
593 1343 728 1408 multum
753 1344 854 1410 abest
892 1344 993 1410 Simul
1017 1351 1124 1410 autem
1147 1345 1233 1410 idem
1249 1344 1348 1426 plane
1365 1362 1443 1410 usus

163 1452 249 1532 apud
265 1451 359 1515 lones
375 1450 473 1531 valet,
497 1467 597 1533 quare
619 1449 721 1515 multo
743 1452 948 1516 verisimilius
969 1452 1097 1517 videtur
1114 1469 1184 1518 esse
1200 1453 1346 1533 tragicos
1371 1470 1443 1518 eam

165 1564 198 1624 et
220 1557 375 1640 primario
400 1563 433 1623 et
456 1557 576 1623 tralato
600 1575 696 1623 sensu
720 1558 760 1623 ab
783 1558 914 1624 Ionibus
938 1560 1110 1641 accepisse

657 1739 947 1808 ΑΜΦΙΛΑΦΗΣ.

273 1879 331 1962 Ag.
360 1880 445 1943 1015
464 1878 556 1961 (970)
578 1878 662 1944 chor.
689 1876 782 1957 δόσις
805 1874 1055 1960 ἀμφιλαφής.
1102 1879 1244 1961 Ghoeph.
1265 1881 1329 1945 331
1350 1882 1441 1964 (322)

166 1988 250 2053 chor.
273 1986 354 2067 γόος
378 1982 630 2067 ἀμφιλαφής.

271 2094 373 2160 Usum
398 2098 432 2157 et
455 2112 583 2158 sensum
605 2092 725 2174 optime
743 2111 782 2156 ex
795 2091 961 2157 Herodoto
977 2092 1187 2173 percipimus:
1210 2094 1268 2161 IV.
1286 2096 1351 2159 112
1370 2096 1442 2177 φοί,

166 2222 256 2282 paneg
280 2199 494 2284 ἀμφιλαφεῖς
526 2201 688 2282 ,arbores
720 2218 802 2281 quae
829 2199 905 2264 latis
927 2200 1026 2264 ramis
1054 2200 1199 2265 umbram
1223 2199 1441 2269 diffunduut“.

165 2310 220 2376 IV.
239 2313 280 2374 50
305 2308 392 2390 χιὼν
423 2304 627 2390 ἀμφιλαφής
660 2308 747 2382 ,lata
776 2306 862 2372 uix“.
909 2306 963 2371 IV.
983 2308 1023 2370 28
1052 2303 1193 2388 βρονταὶ
1218 2305 1436 2391 ἀμφιλαφεῖς

168 2419 336 2498 „ingentes
365 2420 586 2498 tempestates,
617 2426 698 2496 quae
722 2414 862 2495 undique
890 2418 1035 2478 tonant“.
1082 2413 1139 2480 ΠΙ.
1159 2417 1223 2478 114
1252 2412 1441 2498 ἐλέφαντες

168 2521 382 2606 ἀμφιλαφεῖς
413 2521 525 2603 ,multi
554 2522 741 2604 elephantes
771 2520 951 2602 gregatim
979 2521 1029 2586 vel
1055 2522 1264 2604 „elephantes
1290 2524 1442 2590 immensi

166 2630 418 2713 magnitudiuc“.
469 2629 559 2694 Sicut
587 2629 763 2711 Aeschylus
797 2627 896 2691 habet
924 2645 1033 2693 vocem
1068 2630 1165 2693 etiam
1198 2630 1363 2696 Pindarus
1393 2631 1441 2699 Ol.

166 2738 223 2802 IX.
240 2739 281 2803 82
312 2733 516 2818 ἀμφιλαφὴς
544 2733 697 2816 δύναμις.
744 2734 785 2799 Et
812 2733 905 2799 Plato
935 2734 1085 2800 similiter
1112 2736 1279 2803 Herodoto
1303 2738 1361 2806 IV.
1381 2741 1444 2803 112

167 2844 246 2908 dicit
267 2842 406 2908 Phaedr.
430 2842 544 2907 2301);
571 2840 747 2920 πλάτανος
771 2838 857 2922 αὕτη
879 2837 959 2921 μαλ’
984 2839 1198 2924 ἀμφιλαφής.

273 2950 385 3032 Neque
414 2951 512 3014 etiam
540 2968 616 3013 rara
642 2968 704 3013 vox
732 2952 782 3012 est
812 2948 899 3029 apud
921 2948 1155 3014 Alexandrinos
1184 2955 1218 3016 et
1239 2953 1445 3019 recentiores

168 3064 292 3139 poetas,
316 3056 372 3121 ubi
396 3054 558 3136 significat
581 3061 638 3120 aut
660 3054 761 3119 latum
784 3060 841 3119 aut
864 3055 1013 3136 amplum,
1037 3055 1125 3121 velut
1146 3056 1281 3123 Theocr.
1298 3059 1387 3125 XIV.
1402 3062 1445 3125 46

169 3163 201 3228 ἀ.
224 3163 368 3243 παστάς,
397 3164 456 3244 Ap.
481 3163 584 3228 Rhod.
608 3163 662 3227 IV.
680 3163 744 3226 983
772 3165 887 3243 νῆσος,
920 3161 1043 3227 callim.
1068 3157 1128 3245 Ap'.
1145 3165 1188 3226 42
1212 3165 1314 3247 τέχνῃ
1340 3165 1446 3251 ἀμφι-

167 3269 293 3353 λαφής,
316 3271 409 3334 Dian.
428 3271 447 3332 3
469 3268 583 3351 χορός,
608 3268 678 3334 Ger.
695 3271 735 3332 21
762 3266 875 3348 ἀλσος.

273 3378 438 3459 Frequens
466 3382 517 3442 est
544 3377 605 3441 hoc
627 3394 725 3441 sensu
748 3376 846 3440 etiam
876 3377 961 3457 apud
984 3376 1160 3458 scriptores
1183 3379 1348 3460 pedestris
1378 3400 1447 3447 ser·

168 3594 211 3658 ad
234 3592 314 3656 Tim.
339 3611 370 3672 p.
386 3592 460 3657 268.
486 3591 684 3657 Boissouade
708 3591 749 3655 ad
765 3590 954 3655 Philostrati
977 3590 1105 3655 Heroic.
1130 3611 1161 3674 p.
1178 3593 1252 3657 733.
1289 3595 1446 3662 Eiusdem

167 3699 292 3764 farinae
327 3703 377 3763 est
411 3717 481 3779 sap.
511 3698 589 3778 Sal,
623 3698 679 3762 ubi
714 3698 800 3779 quod
827 3697 945 3779 legitur
977 3699 1027 3763 17.
1055 3699 1095 3762 18
1129 3699 1208 3780 περὶ
1237 3698 1268 3764 ἀ.
1293 3699 1447 3784 κλάἀαας

169 3806 301 3889 ὀρνέων
322 3803 414 3887 ἦχος,
443 3805 517 3869 iude
545 3806 588 3871 ab
610 3804 775 3869 Herodoto
804 3810 837 3870 ct
860 3803 995 3868 Platone
1023 3805 1212 3885 saepissime
1236 3808 1448 3876 decantatum

170 3933 273 3997 paene
296 3915 329 3978 iu
353 3913 557 3995 proverbium
580 3912 671 3992 abiit,
695 3931 725 3977 v.
748 3911 871 3977 autbol.
895 3910 962 3974 Pal.
981 3910 1035 3975 VI.
1055 3914 1127 3991 110,
1151 3914 1212 3994 Ap.
1229 3913 1290 3978 Rh.
1307 3915 1351 3983 11.
1370 3919 1446 3994 133,

171 4021 354 4106 [Hippoda]
378 4040 428 4103 ep.
452 4019 605 4098 1111116,
640 4018 801 4084 Aristaeo.
825 4020 853 4084 Ι.
879 4019 898 4082 3
922 4017 963 4082 ε1.
1016 4019 1053 4096 Q.
1077 4018 1241 4086 Ciceronis
1275 4027 1448 4106 proprium

169 4130 298 4196 videtur
320 4128 421 4193 luisse
439 4123 637 4208 ἀμφιλαφῖα
653 4125 880 4207 ,copiositas“,
905 4144 934 4191 v.
951 4124 1015 4190 (lic.
1032 4126 1074 4190 ad
1090 4125 1197 4204 Quint.
1213 4127 1289 4194 frat.
1306 4130 1350 4196 11.
1365 4135 1396 4197 6.
1410 4134 1446 4197 3:

170 4235 203 4301 ἀ.
227 4242 335 4302 autem
358 4235 459 4312 illam,
482 4253 578 4317 quam
601 4239 637 4298 tu
660 4233 746 4299 soles
770 4234 953 4298 dicere...
989 4232 1086 4297 Redit
1107 4253 1170 4299 nou
1194 4244 1271 4301 ante
1292 4237 1447 4320 Byzanti·

170 4362 284 4410 norum
307 4348 457 4411 aetatem.

276 4451 475 4534 significatio
509 4450 561 4515 his
595 4448 789 4515 testimoniis
824 4447 904 4512 satis
938 4445 1128 4512 collustrata
1162 4453 1227 4528 est,
1263 4470 1370 4534 neque
1407 4454 1446 4518 de

170 4559 349 4644 veriloquio
372 4579 430 4626 nos
453 4559 583 4642 quidem
606 4557 800 4636 dubitamus,
824 4554 862 4620 ct
888 4552 1028 4636 (turtius,
1052 4554 1181 4621 Griech.
1197 4556 1319 4640 Etym.⁵
1335 4579 1368 4642 p.
1381 4561 1443 4625 531
