3232 5176
706 311 925 376 ..78-

174 493 316 558 Graecos
339 490 524 573 scriptores.
550 489 626 555 Loci
651 495 769 571 autem,
794 489 850 555 ubi
868 487 1073 573 διαβάλλειν,
1098 492 1194 557 sicuti
1219 489 1458 575 παραβάλλειν

177 600 349 682 „accedere
357 605 382 680 “,
408 596 569 681 siguificat
589 598 747 677 „traicere
755 603 780 678 “‚
797 598 830 662 hi
848 598 914 663 fere
932 603 1024 664 sunt:
1050 600 1165 666 Aesch.
1182 600 1243 683 irg.
1260 603 1311 664 69.
1331 596 1349 664 3
1367 600 1457 665 ahor.

173 704 281 788 δέπας
316 705 353 771 ἐν
380 707 429 788 τῷ
454 701 663 788 διαβάλλει
697 703 809 771 πολὺν
833 703 1018 789 ολδμάενια
1055 710 1150 790 φορᾷ
1186 707 1318 791 δρόμου
1341 707 1458 790 πόρον

174 812 293 895 σοόελς
315 819 391 881 rest.
418 813 461 877 M.
487 813 648 890 Schmidt3
673 813 747 879 Eur.
766 813 877 896 Suppl.
905 815 966 878 931
994 815 1080 880 trim.
1107 819 1197 898 φυγῇ
1221 813 1311 898 πρός
1333 812 1459 897 Ἄργος

173 918 403 1005 διαβαλεῖν,
428 920 524 988 Rhes.
552 923 615 984 117
640 921 729 986 trim.
761 921 913 1005 γεφύρας
942 918 1204 1005 διαβαλοῦσι.
1250 923 1340 987 Haec
1364 923 1460 989 testi-

174 1030 283 1094 monia
308 1035 437 1095 exstant
473 1029 559 1110 apud
583 1029 727 1111 tragicos
762 1035 886 1111 poetas.
935 1030 1014 1095 Tum
1042 1030 1128 1113 apud
1152 1031 1247 1096 Iones
1270 1029 1458 1096 Herodotus

172 1137 318 1219 exempla
333 1137 469 1219 praebet
492 1138 530 1205 V.
556 1138 598 1200 34
624 1135 757 1202 ἐπείτε
785 1135 981 1219 διέβαλον
1004 1136 1042 1202 εἰι
1065 1143 1128 1222 τῆς
1150 1135 1239 1204 Χίον
1262 1135 1335 1218 τὰς
1357 1137 1459 1215 νέας

171 1243 208 1325 ἐς
230 1243 293 1327 τὴν
316 1241 444 1326 Νάξον,
469 1244 565 1310 simil.
591 1245 628 1311 V.
655 1245 712 1322 33;
741 1245 796 1314 VI.
821 1250 864 1309 44
895 1245 932 1310 ἐκ
954 1244 1020 1328 μὲν
1045 1243 1159 1311 Θάσον
1184 1241 1460 1328 διαβαλόντες

171 1351 290 1434 πέρην,
319 1352 414 1417 simil.
440 1351 496 1418 IX.
517 1354 590 1417 114.
637 1352 731 1434 Apud
750 1352 963 1419 Athenienses
981 1358 1089 1418 autem
1105 1353 1189 1418 hunc
1205 1371 1298 1418 usum
1315 1351 1459 1417 ualuisse

170 1461 265 1526 testis
290 1461 418 1543 quidem
435 1459 524 1525 dubii
541 1459 654 1541 plenus
674 1465 724 1526 est
741 1459 951 1544 Thucydides
977 1461 1032 1542 qui
1049 1460 1163 1526 scribit
1185 1459 1226 1527 Il.
1253 1455 1458 1544 attenedo)

172 1566 209 1632 ἐν
225 1563 379 1649 Πατρῶν
395 1569 456 1649 τῆς
477 1563 613 1649 Ἀχαλας
636 1565 725 1649 πρὸς
747 1566 811 1649 τὴν
835 1566 1019 1649 άντλπερας
1039 1565 1182 1650 ἤπειρον
1206 1564 1274 1631 δια
1282 1563 1459 1648 βαλλόν-

170 1692 265 1753 των,
291 1674 344 1740 VI.
371 1676 413 1739 30
431 1672 480 1754 ὡς
496 1671 631 1739 ἐπεῖδεν
648 1724 656 1739 .
671 1723 678 1739 .
695 1672 757 1738 τόν
779 1672 894 1740 Ἰόνιον
916 1671 1202 1757 διαβαλοῦσιν,
1225 1673 1281 1740 VI.
1300 1674 1343 1736 44
1361 1670 1384 1735 ἁ
1400 1671 1457 1755 (sc.

169 1779 294 1864 πλοῖα)
308 1782 503 1848 adcendere
517 1781 555 1846 ἐκ
567 1780 819 1866 τῆςΚορκόρας
831 1778 1100 1864 ξυνδιόβαλλε
1112 1779 1173 1845 τόν
1187 1778 1303 1845 Ἰόνιον
1312 1775 1457 1843 κόλπον.

170 1889 260 1967 Quod
284 1908 361 1955 vero
396 1891 449 1956 hic
472 1909 549 1956 usus
578 1892 618 1956 ab
643 1891 752 1957 Attica
776 1890 1008 1956 cousuetudine
1038 1909 1101 1955 non
1126 1888 1293 1968 abhorret,
1331 1887 1458 1969 gravis·

170 1996 269 2061 simus
287 1997 382 2063 testis
399 2002 450 2064 est
466 1999 662 2078 Demetrius,
679 1998 800 2064 veteris
817 1997 1003 2063 comoediae
1020 2002 1118 2079 poeta
1134 1995 1186 2079 (ol.
1202 1995 1357 2061 Meinekii
1375 1995 1453 2059 hist.

169 2104 239 2169 orit.
267 2105 408 2188 asten),
435 2106 489 2189 qui
506 2106 604 2188 paulo
621 2111 697 2188 post
714 2124 831 2171 annum
850 2106 914 2170 408
932 2105 1065 2187 scripsit
1088 2103 1149 2185 irg.
1170 2107 1185 2167 1
1205 2101 1310 2189 (Koch
1334 2102 1359 2168 Ι.
1379 2103 1455 2180 tus,

168 2211 242 2276 Mei.
261 2211 300 2276 Il.
320 2213 398 2298 876)
417 2209 665 2296 διεβάλομεν
681 2210 721 2278 πό
737 2210 888 2295 πέλανος
904 2213 952 2292 εἰς
964 2209 1195 2292 Μεσσαπίους.
1225 2209 1457 2277 Recentiorum

168 2318 307 2400 denique
322 2319 516 2402 scriptorum
546 2321 730 2386 imitatores
748 2320 942 2385 Plutarchus
959 2322 1033 2386 Ant.
1053 2321 1104 2401 62,
1131 2319 1298 2400 Arrianus,
1324 2316 1457 2384 Cassius

168 2425 228 2490 Dio
253 2444 362 2492 vocem
385 2427 446 2492 hoc
470 2445 568 2494 sensu
591 2427 785 2494 instructam
811 2427 973 2494 exhibent.

275 2533 364 2600 Haec
388 2534 555 2618 habemus,
591 2554 674 2619 quae
709 2537 749 2602 de
772 2554 851 2601 voce
876 2532 1072 2618 διαβάλλειν
1099 2534 1234 2599 dicenda
1258 2538 1343 2612 suut,
1380 2552 1455 2598 nam

167 2639 296 2721 longum
322 2647 372 2707 est
402 2643 557 2724 exemplis
579 2644 799 2725 comprobare,
825 2644 910 2726 quod
927 2643 1014 2707 inter
1030 2660 1140 2708 omues
1157 2647 1294 2721 constat,
1318 2641 1456 2706 localem

167 2765 294 2813 sensum
318 2749 461 2830 priorem
489 2754 523 2815 et
553 2751 764 2834 originarium
789 2770 870 2832 esse,
908 2770 1001 2835 quem
1027 2751 1112 2834 quod
1150 2750 1236 2832 apud
1261 2749 1454 2832 Aeschylum

165 2854 312 2937 legimus,
338 2857 455 2923 mirum
479 2877 544 2924 non
568 2865 627 2927 est.

742 3052 872 3122 ΟΡΓΗ.

273 3197 395 3263 Eadem
418 3197 486 3264 fere
510 3203 609 3283 atque
633 3200 673 3265 de
697 3200 910 3265 antecedente
938 3216 1017 3265 uoce
1046 3197 1140 3264 nobis
1163 3199 1351 3265 adnotanda
1376 3205 1454 3265 sunt

166 3305 205 3370 de
228 3323 306 3372 voce
331 3304 424 3389 ὀργή,
449 3306 488 3371 δε
512 3326 576 3388 qua
593 3305 752 3371 Dienerus
775 3306 796 3370 l.
815 3325 842 3371 c.
865 3326 897 3389 p.
926 3307 1044 3389 lisqq.
1072 3306 1205 3388 egregie
1228 3305 1453 3388 quaestionem

166 3413 360 3494 explanavit,
384 3419 422 3478 ut
438 3412 659 3494 praeferamus
676 3413 869 3496 gravissima
884 3419 1011 3479 tantum
1029 3414 1096 3480 eius
1114 3413 1451 3498 argumentantium,

165 3540 206 3586 ne
229 3525 331 3586 totam
355 3521 577 3603 quaestionem
602 3522 671 3586 sine
697 3522 771 3587 novi
796 3521 918 3604 aliquid
942 3519 1096 3587 afferendi
1120 3541 1178 3604 spe
1202 3527 1398 3603 repetamus.

271 3629 319 3692 De
344 3628 446 3709 stirpe
471 3629 604 3711 eiusque
634 3647 731 3694 sensu
755 3629 931 3710 originario
957 3627 995 3694 cl.
1019 3629 1203 3694 Prelluitzii
1229 3629 1290 3694 lex.
1317 3630 1449 3712 etymol.

165 3754 189 3801 s.
208 3755 236 3800 v.
262 3733 366 3817 ὀργάς
391 3737 578 3816 „strotzeud
595 3784 603 3799 .
622 3739 652 3802 .“
679 3742 712 3802 et
737 3734 861 3818 όργάω,
897 3741 1068 3818 praeterea
1093 3734 1175 3820 ὀργή
1206 3737 1340 3819 eiusque
1365 3738 1451 3802 deri·

163 3846 239 3907 vata
276 3839 410 3923 όργίζιο,
435 3840 594 3924 όργαλνω,
632 3841 777 3925 ὀργίλος.
828 3843 972 3909 Verbum
996 3843 1124 3926 quidem
1150 3842 1265 3925 όργάαι
1289 3842 1453 3924 signifieat

164 3953 338 4031 „turgere
381 3956 414 4016 et
451 3950 680 4031 „vehementer
717 3953 854 4032 cupere“
898 3956 930 4015 et
967 3952 1108 4016 Atticum
1145 3957 1204 4028 est,
1240 3952 1329 4018 velut
1365 3952 1451 4033 apud

164 4056 357 4140 Aeschylum
390 4058 512 4140 legitur
548 4057 688 4141 Ohoeph.
727 4060 791 4122 454
823 4059 916 4143 (441)
953 4059 1038 4126 ahor.
1075 4057 1119 4124 τά
1154 4055 1188 4122 δ’
1226 4057 1332 4139 αὐτὸς
1367 4055 1451 4141 ὄργα

162 4159 292 4244 μαόεῖν
326 4162 421 4250 (Scsl.
455 4185 514 4247 pro
540 4164 647 4249 ὀργᾷ).
694 4166 813 4233 Exstat
836 4166 935 4233 etiam
970 4168 1056 4250 apud
1081 4167 1298 4250 Thucydidem
1334 4167 1377 4232 ll.
1396 4169 1449 4249 21,

162 4268 203 4334 Il.
225 4271 298 4350 108,
322 4271 409 4338 VIII.
428 4275 447 4337 λ
465 4279 498 4340 et
514 4274 766 4356 Aristophanem
783 4276 859 4358 Lys.
886 4277 971 4340 1113
996 4275 1095 4356 trim.‚
1120 4293 1170 4342 av.
1196 4277 1260 4339 462
1285 4295 1379 4358 anap.
1407 4275 1455 4340 al.

164 4375 407 4445 Substantivum
433 4385 542 4447 autem
568 4380 650 4465 ὀργή
676 4382 840 4463 significat
862 4384 1006 4448 innatam
1024 4383 1122 4448 animi
1146 4382 1220 4464 vim,
1245 4383 1313 4448 sive
1341 4383 1451 4463 „indo-

162 4484 246 4548 lem“
283 4485 351 4552 sive
389 4489 561 4570 „cupiendi
597 4490 774 4571 impetum“
812 4491 970 4573 imprimis
1005 4492 1070 4557 ira
1106 4495 1309 4557 commotum.
1357 4490 1449 4555 Hanc
