3232 5176
684 284 908 348 ..54-

157 466 305 534 Positum
328 465 429 547 igitur
452 465 486 530 in
510 463 623 546 primis
647 463 700 540 sit,
736 482 819 546 quae
843 464 883 530 de
912 463 1092 547 veriloquio
1117 462 1246 546 cognita
1269 461 1434 529 habemus.

158 577 202 641 Et
225 584 276 642 est
300 573 434 665 quidem
453 591 569 639 nomen
593 571 797 639 notissimum
829 592 900 639 cum
924 573 1010 655 apud
1034 572 1177 656 reliquos
1201 571 1346 638 Graecos
1370 577 1437 637 tum

159 683 246 766 apud
269 682 484 748 Athenienses
508 680 562 766 (cf.
579 680 635 747 Ic.
660 679 685 745 Ι.
711 680 827 766 322)ὁ
853 679 972 763 ἁρμός,
997 700 1061 764 quo
1077 681 1238 746 indicatur
1263 679 1438 745 commis·

159 809 250 860 sura
285 809 342 856 seu
377 807 569 872 compago.
629 788 708 854 Eius
732 789 871 856 nominis
906 788 1035 855 dativus
1070 787 1170 870 ἁρμῷ
1207 793 1240 855 et
1278 787 1437 854 locativns

160 899 268 983 ἁρμοῖ
288 896 467 964 adverbiali
501 898 534 962 vi
557 897 709 964 instructi
733 898 772 964 de
801 898 842 964 iis
865 898 962 963 rebus
987 896 1191 979 adhibentur,
1227 894 1438 979 quaefactae

160 1007 282 1074 sintin
306 1007 436 1072 modum
460 1006 698 1073 commissurae.
745 1005 839 1071 Hunc
869 1005 1080 1086 originarium
1117 1021 1246 1070 sensum
1277 1002 1367 1069 solus
1389 1019 1439 1067 re·

160 1115 261 1181 tinuit
293 1114 522 1196 Hippocrates,
563 1114 652 1180 cuins
693 1120 761 1179 tres
796 1113 922 1195 priores
961 1113 1049 1179 locos
1088 1110 1244 1178 conferas.
1308 1110 1440 1177 'lralate

161 1227 269 1288 autem
293 1228 470 1303 usurpatur·
486 1240 547 1288 vox
562 1222 649 1305 apud
665 1222 908 1305 Hippocratem,
933 1221 1135 1304 Aeschylum,
1151 1220 1341 1300 Pindarum,
1358 1237 1440 1302 quos

161 1335 228 1396 tres
251 1330 339 1396 locos
364 1328 477 1394 eadem
500 1329 626 1396 ratione
650 1330 856 1413 explicandos
881 1347 953 1396 esse
976 1347 1152 1397 censemus.
1201 1328 1249 1393 Ex
1272 1328 1344 1410 ipso
1369 1327 1440 1411 qui-

162 1437 235 1504 dem
259 1455 403 1504 connexu
419 1437 650 1520 interpretatio
666 1437 846 1504 haurienda
870 1457 934 1504 non
958 1444 1025 1514 est;
1048 1442 1155 1503 tamen
1173 1438 1254 1502 satis
1271 1434 1440 1519 probabile

161 1551 212 1611 est
234 1545 399 1611 notionem
416 1545 670 1612 continuationis
687 1552 719 1612 et
735 1564 846 1624 nexus,
860 1563 943 1628 quae
960 1545 1028 1611 voci
1045 1543 1156 1627 ἁρμός
1171 1542 1440 1627 significationem

162 1653 360 1735 compaginis
401 1653 499 1726 dedit,
536 1653 569 1718 in
604 1653 757 1720 adverbio
792 1657 955 1720 servatam
991 1671 1072 1736 esse,
1108 1657 1146 1718 ut
1180 1670 1232 1717 res
1268 1651 1439 1732 indicetur,

161 1778 245 1843 quae
268 1761 422 1827 continua
445 1765 478 1827 et
501 1765 661 1843 perpetua
696 1761 750 1827 sit.
797 1759 850 1827 Sic
874 1761 1004 1844 quidem
1040 1778 1139 1843 supra
1174 1758 1317 1840 singulos
1353 1759 1440 1824 locos

160 1874 288 1935 vertere
312 1869 419 1934 conati
454 1887 575 1935 sumus.
621 1869 769 1953 Denique
793 1868 1004 1935 Alexandrini
1039 1871 1155 1950 poetae
1191 1867 1378 1934 adverbium
1402 1867 1440 1933 de

160 1981 342 2057 temporum
378 1994 521 2043 connexu
547 1974 697 2063 (nemori)
722 1984 969 2059 usurpaverunt,
992 1980 1030 2041 ut
1053 1995 1093 2043 ex
1116 1975 1311 2042 testimoniis
1336 1975 1440 2042 elucet

163 2082 281 2150 allatis.

270 2191 359 2270 Quae
383 2210 453 2258 cnm
477 2193 524 2258 itu
549 2192 625 2275 sint,
649 2211 713 2260 non
738 2193 840 2260 solum
865 2193 1058 2259 concedetur
1082 2189 1228 2274 profecto
1253 2191 1438 2258 adverbium

166 2298 274 2381 ἁρμοῖ
295 2297 394 2382 ἁρμῷ
429 2301 463 2367 in
486 2300 597 2366 Ionica
619 2300 771 2384 loquendi
796 2300 1028 2368 consuetudine
1063 2319 1127 2365 non
1159 2299 1306 2382 ignotum
1331 2297 1438 2379 fuisse,

162 2409 406 2489 verumetiam,
444 2427 514 2474 cum
538 2408 829 2476 Alexandrinorum
864 2428 992 2492 quoque
1028 2416 1197 2493 poetarum
1222 2406 1440 2489 proprietates

162 2533 280 2595 magna
305 2522 455 2598 exparte
480 2517 522 2582 ad
537 2517 632 2583 Iones
655 2518 820 2600 recedant,
845 2517 956 2582 videre
980 2517 1058 2582 lieet
1080 2517 1132 2582 his
1155 2535 1218 2582 non
1243 2514 1345 2581 solum
1370 2532 1441 2580 sen·

163 2640 233 2687 snm
258 2622 470 2704 originarium
505 2630 538 2690 et
563 2625 602 2692 de
625 2626 695 2691 loco
721 2632 754 2692 et
789 2626 829 2692 de
852 2631 999 2708 tempore
1023 2629 1223 2707 usurpatum,
1262 2623 1440 2689 sedetiam

165 2729 232 2812 (ap.
257 2730 426 2817 Hippocr.)
451 2732 604 2798 tralatam
631 2732 900 2815 significationem
924 2734 957 2798 in
982 2751 1043 2798 usu
1066 2731 1175 2798 fuisse.
1221 2730 1314 2797 Unde
1338 2729 1442 2797 elucet

70 2829 75 2838 '
165 2835 272 2919 ἁρμοῖ
293 2836 392 2921 ἁρμῷ
418 2840 638 2907 adverbialem
672 2842 736 2907 vim
772 2842 805 2907 in
840 2841 975 2907 Ionum
1010 2857 1158 2906 sermone
1194 2838 1355 2904 cotidiano
1392 2856 1442 2904 ac·

164 2945 299 3026 cepisse.
344 2946 459 3030 Neque
495 2949 579 3014 enim
604 2950 840 3016 Metallicornm
865 2956 979 3016 auctor
1013 2949 1140 3031 priscae
1170 2946 1314 3013 Atthidis
1349 2945 1443 3011 testis

165 3054 224 3134 est,
261 3050 300 3117 cl.
326 3053 524 3122 Meinekium
548 3058 590 3123 ad
612 3057 685 3138 loo,
722 3065 755 3124 et
788 3058 967 3146 Aeschylus
996 3075 1106 3128 vocem
1140 3056 1180 3130 cb
1209 3053 1342 3130 Ionibus
1376 3072 1443 3129 mu·

165 3162 276 3224 tuatus
300 3166 359 3228 est.

272 3267 315 3331 At
338 3268 435 3335 aliter
459 3273 624 3340 veteribus
648 3278 869 3357 grammaticis
904 3300 957 3347 res
981 3282 1190 3366 comprobata
1214 3283 1274 3367 est,
1307 3301 1443 3368 quornm

164 3373 355 3439 testimonia
389 3377 553 3443 uberrima
588 3385 750 3462 congessit
786 3391 819 3452 et
853 3390 1009 3457 tractavit
1042 3391 1180 3474 Ahrens,
1217 3394 1293 3460 dial.
1322 3393 1380 3460 Gr.
1405 3394 1436 3459 ΙΙ

165 3498 197 3561 p.
222 3480 297 3545 385.
346 3482 580 3552 Gravissimum
615 3494 666 3555 est
689 3491 867 3560 Herodiani
902 3496 935 3564 in
971 3498 1075 3582 Etym.
1106 3500 1213 3582 Magn.
1239 3521 1270 3585 p.
1300 3503 1443 3582 144.19,

164 3586 342 3654 Herodian.
368 3589 501 3675 (Lenta)
525 3594 565 3662 II.
591 3616 621 3679 p.
648 3599 794 3665 Alana.
835 3601 980 3686 ἁρμός,
1017 3604 1162 3688 ἁρμοῦ,
1189 3607 1319 3692 ἁρμῷ·
1357 3609 1443 3695 αὕτη

166 3693 187 3775 ἡ
213 3691 330 3777 docturi
354 3697 527 3781 μειῷλὰεν
552 3703 600 3783 είς
624 3703 892 3793 ἐσιρρημσσικὴα
917 3715 1088 3797 σημασίαν
1110 3716 1167 3780 καί
1190 3715 1359 3800 ἐφύλαξεν
1383 3720 1445 3803 τὴν

166 3799 272 3867 αὐτοῦ
307 3804 444 3888 γραφὴν
479 3808 554 3874 olon
584 3809 710 3896 ἁρμῷ.
745 3819 900 3904 σημαίνει
923 3818 962 3885 τὸ
993 3821 1129 3903 ἀρτίως.
1167 3822 1185 3887 ὁ
1220 3822 1258 3890 δὲ
1293 3827 1444 3911 τεχνικὸς

165 3908 397 3992 (Herodianus)
414 3911 502 3995 λέγει
518 3915 571 3982 ὅτι
586 3918 681 4001 παρὰ
696 3927 770 4004 τοῖς
786 3921 1060 4010 Συρακοσίοις
1083 3927 1138 3995 ded
1158 3935 1221 3997 rod
1240 3934 1443 4019 ιγρὰφιιαι.

165 4013 288 4082 ἐκεῖνοι
311 4016 375 4101 γὰρ
392 4019 499 4103 ἁρμοῖ
511 4021 749 4107 λέγουσικαιὰ
770 4031 941 4116 συστολὴν
961 4040 1022 4102 σοῦ
1048 4024 1080 4103 ὦ
1101 4039 1148 4119 είς
1164 4026 1250 4119 cbo,
1276 4039 1325 4122 ὡς
1349 4041 1443 4124 παρὰ

166 4118 377 4208 Καλλιμάχῳ
402 4129 504 4213 (sequ.
528 4130 590 4214 frg.
616 4135 694 4216 230)
724 4136 794 4202 art.
842 4141 959 4208 Glossa
982 4145 1073 4212 deest
1110 4149 1142 4212 in
1166 4149 1307 4215 Kaibelii
1331 4146 1442 4218 collec-

166 4228 255 4295 tione
278 4232 457 4312 glossarum
482 4237 696 4328 Italiotarum,
722 4244 783 4329 lrg.
809 4266 888 4314 com.
907 4251 961 4319 Gr.
987 4253 1011 4318 Ι.
1036 4274 1066 4335 p.
1087 4256 1232 4338 198ssq,
1257 4257 1334 4340 quia
1349 4260 1443 4326 valde

167 4343 400 4418 suspectaest,
438 4345 499 4411 etsi
522 4346 683 4416 Meinekio
719 4351 810 4421 firmo
836 4358 1026 4427 documento
1050 4360 1121 4447 luit,
1159 4383 1230 4430 cum
1258 4366 1299 4431 ad
1323 4366 1440 4434 Phere-

168 4445 266 4510 cratis
279 4444 492 4529 fragmentum
506 4473 605 4539 supra
619 4469 900 4530 commemoratum
918 4487 997 4533 com.
1012 4469 1073 4552 frg.
1087 4472 1127 4537 11.
1142 4493 1173 4554 p.
1188 4475 1252 4537 307
1270 4475 1441 4543 adnotaret

167 4551 358 4636 Aeschylum
370 4553 470 4624 fuisse
483 4561 1129 4644 Sicularumformarumstudiosissimum.
1148 4579 1319 4651 Consentit
1332 4591 1439 4657 autem
