3232 5176
657 318 876 386 -13-

130 519 216 565 mum
239 499 371 582 legitur,
397 500 454 566 sed
477 499 562 582 quod
586 504 619 564 et
642 500 674 563 in
699 500 869 582 tragoedia
893 505 926 564 et
949 499 1035 581 apud
1050 498 1143 565 Iones
1167 517 1265 566 sensu
1286 502 1405 568 detrito

129 625 189 688 pro
206 624 253 687 eo,
274 607 359 688 quod
376 611 426 672 est
441 606 619 688 „amplus“,
636 610 821 688 usurpatur.
858 605 954 673 uerte
969 625 1200 688 saepenumero
1216 609 1296 674 haec
1311 611 1405 691 ratio,

131 714 193 780 etsi
228 712 326 779 fallax
364 733 434 781 esse
458 719 577 799 potest,
613 715 708 780 unica
730 715 782 780 via
806 719 865 796 est,
902 734 965 797 qua
988 715 1209 798 quaestionem
1234 717 1273 783 de
1298 717 1406 798 singu-

130 822 235 887 larum
259 841 372 888 vocum
396 823 521 904 origine
545 822 722 888 diiudicare
745 823 852 890 liceat.

237 930 304 994 lam
328 947 404 996 vero
435 930 611 1013 quaeritur,
647 931 732 994 unde
765 930 845 996 haec
867 930 985 1012 tragici
1009 935 1126 1013 poetae
1151 931 1249 996 verba
1271 930 1330 996 tali
1353 929 1406 993 via

131 1055 169 1102 ac
184 1037 311 1103 ratione
327 1036 456 1103 Ionicae
472 1037 610 1102 dialecto
628 1037 790 1103 vindicata
806 1038 999 1120 acceperint.
1036 1037 1180 1103 Plurima
1195 1056 1235 1102 ex
1249 1037 1406 1103 iambicos

129 1143 238 1225 poesis
263 1162 422 1226 sermone,
456 1164 538 1228 quae
562 1144 655 1227 quasi
678 1151 831 1227 parentes
856 1145 993 1212 diverbii
1016 1145 1133 1228 tragici
1155 1145 1326 1225 hahentur,
1357 1162 1406 1210 10-

130 1256 223 1332 cepta
247 1269 318 1317 esse
343 1257 479 1329 constat,
504 1250 542 1317 cf.
559 1252 598 1318 de
615 1252 839 1335 Wilamowitn,
864 1252 976 1335 philol.
994 1252 1124 1318 Unters.
1145 1251 1203 1334 ΠΙ,
1228 1271 1259 1334 p.
1277 1253 1342 1317 310
1356 1269 1402 1333 sq.

130 1359 241 1441 Neque
265 1378 341 1426 vero
365 1360 467 1442 lyrica
490 1360 597 1442 poesis
622 1366 753 1442 praeter
776 1380 823 1442 ea,
860 1380 943 1444 quae
967 1380 1005 1427 ex
1029 1361 1119 1443 epico
1144 1378 1291 1425 sermone
1313 1359 1406 1424 illata

129 1473 205 1533 sunt
228 1467 397 1549 elementa,
435 1486 550 1534 vocum
584 1467 765 1533 Ionicarum
801 1486 915 1550 expers
952 1473 1011 1548 est,
1049 1486 1131 1550 qnae
1159 1467 1296 1532 maxime
1320 1466 1407 1548 apud

127 1581 242 1657 poetas
266 1577 361 1642 Iones
385 1580 480 1642 natos
508 1577 541 1640 in
566 1595 659 1641 usum
681 1580 848 1657 venerunt,
878 1575 916 1641 cf.
941 1576 977 1641 R.
995 1575 1143 1658 Holsten,
1167 1575 1207 1640 de
1231 1575 1407 1641 Stesichori

129 1689 162 1746 et
178 1682 266 1764 Ibyci
284 1684 361 1752 dial.
379 1689 412 1766 et
429 1683 522 1767 copia
539 1684 638 1768 verh,
656 1684 777 1767 Gryph.
799 1685 894 1749 1884.
929 1684 1012 1749 11101
1029 1689 1136 1748 autem
1158 1681 1230 1749 lons
1246 1683 1404 1762 gravioris

129 1791 283 1856 momenti
312 1792 353 1857 ad
382 1791 644 1857 conformandum
672 1792 831 1872 tragicum
855 1797 888 1855 et
912 1774 1127 1856 diuerhicrum
1152 1794 1185 1855 et
1209 1791 1405 1855 canticorum

128 1915 307 1964 sermonem
352 1897 466 1980 fuerit,
525 1898 652 1965 etiamsi
702 1897 831 1962 difficile
875 1903 924 1964 est
967 1896 1158 1979 diiudicare,
1209 1903 1316 1969 tamen
1360 1915 1401 1962 nc

128 2003 208 2070 haec
240 2007 386 2088 quaestio
420 2007 516 2088 plane
551 2007 758 2089 neglegatur,
793 2024 828 2070 re
864 2010 998 2087 peracta
1032 2004 1236 2070 tractabitur.
1297 2003 1404 2068 Etiam

129 2110 299 2178 familiaris
315 2114 559 2181 Atheniensium
585 2133 690 2180 sermo
715 2119 860 2195 tempore
883 2113 1079 2194 procedente
1101 2112 1203 2177 multa
1228 2116 1261 2176 01
1285 2111 1349 2175 alia
1373 2116 1406 2176 et

128 2217 240 2284 Ionica
253 2220 413 2287 elementa
424 2223 559 2303 recepit,
575 2220 611 2286 cf.
628 2220 737 2306 [Xon]
751 2240 818 2302 rep.
832 2220 907 2285 Aah.
923 2221 985 2295 28,
1000 2220 1084 2303 quod
1098 2220 1173 2285 inde
1186 2238 1205 2283 a
1217 2219 1403 2285 Vl.saecnlo

127 2324 249 2392 factum
274 2346 345 2394 esse
374 2329 442 2395 veri
471 2329 631 2411 quandam
656 2329 795 2411 speciem
819 2347 897 2410 prae
921 2347 956 2393 se
978 2327 1043 2393 fert
1066 2331 1199 2410 propter
1223 2324 1404 2392 commercii

128 2433 380 2502 vicissitudines.
427 2436 520 2502 Unde
555 2456 595 2501 ne
630 2436 770 2502 radicem
799 2436 1013 2501 Ionismorum
1036 2435 1225 2518 tragoediae
1247 2437 1404 2515 petamus,

128 2540 247 2624 obstat,
285 2543 370 2624 quod
400 2543 479 2609 haec
503 2545 660 2625 paulatim
684 2545 786 2626 magis
809 2545 976 2626 magisque
1001 2541 1179 2623 1111011111,
1216 2541 1273 2607 illa
1296 2547 1403 2607 autem

127 2647 258 2713 Atticae
283 2651 523 2718 consuetudinis
547 2652 708 2719 elementa
731 2656 876 2734 tempore
900 2650 1096 2733 procedente
1119 2650 1213 2717 valde
1233 2655 1401 2732 augentur.

546 2887 572 2949 1.
601 2886 728 2951 Voces
751 2884 985 2966 peregrinae.

334 3039 524 3123 ΔΕΛΤΟΣ,
555 3041 893 3124 conuenerunt,
924 3039 1202 3109 ΔΕΛΤΟῩΜΑΙ.

237 3182 347 3266 Suppl.
367 3186 429 3250 179
449 3185 542 3271 (169)
559 3189 644 3253 trim.
663 3188 747 3253 αἰνῶ
773 3186 920 3271 φυλάξαι
935 3185 1012 3270 τᾶμ’
1034 3185 1100 3268 ἔστη
1118 3183 1400 3265 ὁελτοομὲνας.

130 3290 424 3376 Ρ1001.789(787)
449 3295 535 3362 trim.
559 3295 728 3377 μνήμοσιν
751 3293 912 3376 ὁέλτοις
936 3297 1085 3378 φρενῶν.
1120 3292 1210 3356 Eum.
1229 3293 1291 3354 275
1310 3290 1402 3373 (271)

130 3398 216 3464 chor.
243 3395 512 3484 δελτογράφῳ
537 3400 575 3466 dd
597 3402 696 3467 πάντ
727 3401 851 3483 ἐπωπᾷ
876 3403 982 3485 φρενί.
1029 3402 1089 3465 Est
1112 3400 1212 3482 igitur
1238 3397 1260 3481 ἡ
1285 3395 1404 3476 calcor

132 3505 264 3586 „tabula
286 3507 491 3589 scriptoria“,
517 3509 601 3574 unde
625 3509 796 3574 formatum
819 3506 1258 3589 001ὁελτογροὶφος,00111
1275 3504 1402 3571 tabulas

129 3612 248 3678 101011α
286 3619 319 3679 01
353 3611 537 3698 dulcerium
573 3618 626 3697 „in
657 3617 784 3683 tabulas
808 3616 947 3694 reiero“‚
982 3615 1020 3681 ci.
1045 3615 1144 3681 schol.
1170 3614 1210 3678 ad
1234 3611 1343 3694 Suppl.
1370 3615 1403 3676 01

129 3715 219 3785 Eum.
243 3720 264 3785 l.
283 3739 308 3786 c.
343 3721 464 3787 Eodem
488 3743 585 3790 sensu
609 3722 729 3804 δέλτος
751 3725 871 3808 legitur
895 3724 981 3807 apud
1005 3721 1196 3805 Sophoclem
1221 3719 1332 3785 Trach.
1349 3720 1402 3800 47,

133 3830 206 3908 157,
232 3829 306 3909 683,
334 3828 394 3911 fug.
414 3832 477 3896 540
500 3832 532 3896 in
558 3832 709 3898 diverbiis
734 3838 767 3899 ct
783 3833 869 3915 apud
885 3833 1072 3915 Euripidem
1088 3830 1174 3895 haud
1189 3846 1273 3893 raro.
1303 3825 1401 3908 Lyco·

128 3934 230 4014 phron
255 3936 303 4000 Al.
324 3938 407 4002 1882
433 3940 627 4020 tragicorum
643 3960 736 4007 usum
753 3941 909 4024 sequitur,
935 3959 1036 4022 aeque
1054 3945 1151 4021 atque
1169 3932 1401 4016 Aristophanes

131 4041 256 4109 Thesm.
283 4044 345 4109 778
369 4063 463 4128 anap.
490 4043 549 4127 dyo
580 4045 621 4130 ὀὴ
651 4049 805 4114 πινάκων
836 4047 962 4130 ξεστῶν
994 4045 1137 4112 ὁέλτοι.
1185 4042 1401 4108 Mnesilochus

130 4150 212 4215 enim
236 4151 401 4233 Euripidis
421 4153 628 4221 Palamedem
651 4157 807 4238 imitatur,
834 4155 871 4223 cf.
890 4156 1012 4236 Nauck,
1038 4161 1120 4236 trag.
1139 4152 1251 4217 Graec.
1268 4147 1400 4232 fragm.²

128 4274 158 4337 p.
177 4257 250 4326 542.
286 4257 382 4325 (10101
406 4266 492 4327 00110
510 4263 658 4329 dictionis
675 4264 818 4346 tragicus
835 4268 893 4331 est.
930 4263 1036 4328 Etiam
1051 4262 1084 4325 in
1101 4259 1247 4325 Platonis
1263 4256 1402 4340 epistula

129 4364 233 4430 altera
256 4385 287 4448 p.
304 4367 368 4432 312
382 4367 422 4435 D:
449 4370 621 4453 φραστέον
645 4368 683 4435 δέ
699 4389 752 4436 σοι
768 4369 810 4435 δι’
829 4372 1000 4452 αἰνιγμῶν,
1026 4368 1067 4432 ἵν’
1095 4364 1136 4432 ἄν
1160 4365 1235 4448 τιὴ
1260 4361 1402 4444 concor

128 4468 150 4553 ἢ
175 4472 304 4539 ιτόντοο
327 4473 349 4558 ἢ
373 4479 433 4558 γῆς
458 4476 494 4542 ἐν
509 4484 655 4561 ιιτοχαῐς
674 4478 784 4562 adalp,
809 4478 827 4544 ὁ
844 4475 1013 4560 ἀναγνοὺς
1028 4475 1075 4558 μὴ
1091 4479 1160 4558 γνῷ
1177 4492 1282 4543 sermo
1298 4472 1401 4555 poeti·

130 4595 186 4644 cus
202 4586 262 4665 est,
287 4601 387 4666 quare
404 4585 513 4668 Cobet,
538 4584 609 4670 λογ.
626 4587 698 4671 ἑρμ.
719 4591 747 4672 1,
773 4608 804 4671 p.
822 4591 886 4653 456
899 4607 945 4669 sq.
971 4586 1108 4653 coniecit
1123 4583 1286 4652 senarium
1301 4579 1401 4662 tragi-
