3232 5176
710 281 956 346 ..104-

191 463 335 530 Verbum
360 465 469 528 autem
493 459 636 544 θοάζοιν
663 460 750 543 apud
767 458 880 525 Aesch.
904 457 1016 541 Suppl.
1043 460 1109 523 595
1133 459 1226 542 (515)
1249 458 1349 538 chon,
1374 456 1472 540 Soph.

194 571 272 636 Oed.
296 574 361 653 tyr.
387 571 407 633 2
431 570 518 635 trim.
542 568 595 653 (ci.
620 588 652 651 p.
671 571 724 651 69)
747 567 869 649 legitur
891 585 952 632 nec
974 584 1038 632 non
1063 567 1159 634 obvia
1182 572 1232 632 est
1255 566 1342 648 apud
1368 566 1476 647 Agri·

192 678 397 760 gentinum
427 672 656 758 Empedoclem
685 674 746 758 irg.
772 677 801 738 4.
818 676 874 740 81)
910 676 1036 757 σοφίης
1071 673 1128 740 ἐπ’
1164 672 1296 757 ἄκροισι
1323 672 1474 758 θοάζειν.

193 785 327 852 Accedit
343 783 455 868 Cyrilli
472 783 582 867 glossa
598 782 777 867 θάζοοσαν
800 783 871 850 sim.
888 783 982 848 iuxta
995 780 1119 865 θοάζω
1137 783 1243 863 obvia,
1259 781 1349 846 velut
1363 779 1477 863 θᾶκος

192 893 283 959 iuxta
305 890 435 972 θῶκος,
459 891 498 959 ef.
523 889 705 971 Hoffmann,
730 910 777 973 gr.
801 891 886 956 Dial.
910 889 969 955 IIL
993 909 1025 972 p.
1050 888 1161 971 369.¹)

300 1000 338 1066 Id
360 999 536 1065 tenendum
564 1005 615 1066 est
643 1017 753 1065 vocem
777 996 898 1081 θοάζω
932 1016 996 1064 non
1025 997 1128 1063 solum
1159 1001 1295 1080 propter
1322 1015 1475 1064 sonorum

192 1108 352 1174 rationem
387 1126 451 1174 uon
476 1107 616 1173 Atticam
645 1125 728 1188 esse,
764 1126 835 1173 cum
871 1106 957 1188 apud
988 1105 1182 1171 Tarentinos
1210 1103 1327 1187 άνάζω
1361 1104 1476 1169 eodem

193 1216 288 1283 modo
321 1214 495 1282 formatum
522 1215 577 1288 sit,
612 1215 796 1282 sedetiam
830 1218 962 1296 praeter
991 1212 1185 1296 Aeschylum
1215 1216 1250 1278 et
1283 1211 1476 1295 Sophoclem

192 1342 257 1390 non
293 1324 418 1391 obuiam
455 1341 527 1390 esse
561 1321 649 1409 (nam
681 1322 848 1405 Euripidis
883 1321 1017 1388 uerbum
1045 1319 1167 1404 θοάζω
1201 1339 1222 1386 a
1256 1320 1360 1403 stirpe
1387 1318 1478 1401 θοός

193 1432 325 1498 ductum
348 1435 409 1512 cst,
434 1428 472 1495 οἱ
497 1430 619 1496 Phoen.
636 1432 700 1495 794
725 1429 812 1496 chor.
838 1427 941 1514 saep.)
963 1427 1027 1494 nisi
1052 1429 1139 1511 apud
1154 1432 1283 1510 poetam
1306 1428 1340 1492 in
1357 1426 1477 1493 Sicelia

193 1543 315 1619 natum,
351 1557 454 1622 quare
476 1557 540 1604 non
563 1537 749 1604 dubitamus
777 1537 861 1603 hanc
888 1554 999 1602 vocem
1026 1536 1114 1602 inter
1137 1535 1308 1602 Siceliotas
1341 1553 1476 1618 ponere,

195 1646 257 1713 etsi
292 1645 378 1729 apud
400 1645 630 1728 Epicharmum
665 1649 699 1710 et
722 1643 923 1726 Sophronem
958 1642 1092 1709 verbum
1119 1642 1252 1709 θωκεῖν
1284 1643 1406 1727 iegitur
1441 1649 1477 1709 et

194 1753 299 1821 iorrna
321 1751 466 1820 θοάοσω
490 1753 523 1820 in
548 1753 633 1837 hym.
657 1752 750 1819 Hom.
775 1753 808 1818 in
832 1752 930 1818 Mero.
956 1753 1022 1816 468
1047 1755 1162 1816 exstat.

745 2017 792 2087 TI
815 2016 934 2087 ΜΗΝ.

303 2185 352 2249 De
367 2182 536 2266 particulis
559 2184 593 2247 rt
613 2182 697 2265 μήν;
726 2181 876 2264 „quidni“
894 2181 1085 2262 grauissima
1100 2183 1164 2247 iam
1182 2184 1331 2265 exposuit
1346 2184 1477 2251 Ditten-

195 2295 352 2376 bergerus
375 2292 409 2357 in
433 2290 553 2357 Herma
576 2290 662 2356 XVI.
684 2291 779 2371 1881,
804 2308 836 2371 p.
862 2291 979 2373 334sq.
1027 2291 1119 2357 Vidit
1141 2290 1226 2356 enim
1250 2290 1299 2356 vir
1322 2291 1377 2357 ille
1401 2294 1476 2358 doc·

196 2400 340 2466 tissimus
375 2398 434 2464 has
458 2397 635 2480 particulas
670 2397 757 2479 apud
792 2414 847 2462 eos
882 2403 1010 2465 tautum
1033 2398 1160 2465 Atticos
1188 2399 1364 2482 scriptores
1398 2400 1476 2482 legi,

197 2507 309 2591 quiin
334 2505 444 2572 Sicilia
474 2504 594 2570 versati
624 2509 743 2585 essent,
779 2504 813 2569 id
842 2509 892 2570 est
919 2506 1005 2588 apud
1029 2506 1221 2591 Aeschylum
1251 2507 1384 2591 eiusque
1408 2526 1478 2573 sec·

196 2619 321 2680 tutores
361 2616 394 2678 et
430 2613 463 2678 in
502 2612 542 2676 iis
576 2611 724 2677 Platonis
760 2611 907 2694 dialogis,
947 2631 1028 2696 quas
1066 2619 1142 2695 post
1179 2615 1479 2697 peregrinationem

196 2720 383 2788 Sicilianam
408 2739 481 2786 eum
511 2719 740 2800 conscripsisse
775 2720 874 2786 etiam
905 2719 979 2787 aliis
1014 2722 1055 2788 de
1089 2722 1196 2788 causis
1226 2721 1403 2788 verisimile
1427 2728 1480 2788 est

197 2831 287 2898 cuius
317 2828 365 2893 rei
393 2827 580 2893 testimonia
610 2827 865 2908 locupletissima
894 2829 1103 2910 comparauit.
1150 2829 1308 2913 Exempla
1331 2830 1479 2912 reperias

196 2938 231 3003 in
253 2934 401 3000 Platonis
423 2933 562 3000 Politico
593 2935 657 2999 258
688 2934 714 2999 B
734 2940 793 3000 cto.
824 2935 914 3002 velut
938 2934 979 3002 οὐ
1002 2935 1067 3020 μὲν
1095 2933 1137 3020 δὴ
1168 2935 1257 3003 κατὰ
1280 2936 1409 3004 uuordo
1431 2958 1479 3019 γε,

199 3040 444 3124 oldomarus,
483 3043 641 3125 φαίνεταί
666 3064 726 3125 μοι
748 3046 866 3126 σμῆμα
893 3081 935 3090 -
963 3047 997 3111 νά
1028 3046 1112 3129 prisc
1149 3064 1255 3129 neque
1282 3046 1394 3128 ignota
1428 3050 1481 3112 est

197 3151 278 3217 haec
302 3149 399 3215 dictio
423 3149 509 3232 apud
534 3148 708 3216 Siceliotae
733 3153 973 3219 consuetudinis
1006 3160 1109 3221 testes
1136 3155 1228 3220 velut
1250 3154 1480 3237 Epicharmum

198 3258 259 3341 frg.
287 3259 349 3321 149
358 3256 396 3324 Κ.
443 3254 576 3340 θηλαόὴ
600 3260 752 3341 σράιιοος.
770 3297 813 3306 -
829 3261 863 3324 σί
884 3258 954 3342 μὰν
970 3260 1036 3345 ἔχει
1058 3259 1171 3345 πόθος
1186 3263 1343 3348 σέσορας;
1371 3267 1481 3344 „certe

199 3365 304 3448 tripus
320 3403 364 3413 -
380 3365 491 3449 quidni
515 3366 614 3432 habet
636 3371 777 3449 quatuor
800 3367 942 3450 pedes?“
972 3376 1005 3436 et
1028 3369 1229 3453 Sophronem
1258 3369 1318 3453 frg.
1344 3371 1426 3435 551<
1450 3372 1485 3436 rt

201 3470 271 3554 μάν
295 3471 445 3554 &octog
470 3511 511 3518 -
535 3475 570 3538 ci
590 3472 670 3557 γὰο;
696 3477 812 3557 σῦφαρ
837 3473 914 3541 ἀντ’
940 3475 1076 3561 ἀνδρός,
1102 3479 1191 3546 cuius
1215 3496 1327 3545 versus
1351 3496 1482 3544 sensum

201 3579 365 3662 expedivit
394 3579 561 3646 Kaibelius
590 3581 631 3645 ad
662 3582 723 3648 loc.
769 3582 878 3647 Etiam
909 3585 1147 3666 Megarensium
1175 3586 1255 3652 illud
1285 3584 1481 3666 conferetur,

201 3687 286 3770 quod
324 3686 560 3769 Aristophanes
599 3688 677 3754 Ach.
718 3692 781 3755 757
823 3697 856 3757 et
895 3693 960 3757 184
1000 3693 1147 3774 repetiit:
1189 3692 1234 3759 σὰ
1270 3691 1356 3776 prolog
1395 3693 1483 3761 idem

202 3794 287 3860 enim
310 3795 407 3861 ualet.

310 3902 459 3988 Aeschyli
475 3902 538 3968 loci
554 3909 631 3970 sunt
648 3904 759 3989 Suppl.
779 3907 842 3970 999
868 3904 960 3987 (966)
984 3906 1069 3972 trim.
1095 3905 1204 3990 θῆρες
1226 3906 1264 3973 δὲ
1283 3909 1485 3990 κηραίνουσι

204 4006 376 4096 (tropos)
392 4012 448 4077 aul
464 4009 591 4095 βροτοί,
616 4013 656 4076 cl
676 4013 770 4095 μήν;
796 4013 888 4078 Eum.
907 4014 971 4078 203
988 4011 1080 4099 (201)
1098 4014 1182 4080 trim.
1207 4014 1333 4098 ἔχρησα
1359 4012 1484 4096 ποινάς

204 4118 266 4180 νοῦ
300 4115 432 4200 πατρὸς
465 4121 611 4202 πέμψαι,
645 4121 687 4184 ct
706 4119 802 4202 μήν;
847 4121 981 4186 Accedit
1017 4121 1118 4188 Rhesi
1154 4124 1217 4188 705
1248 4122 1334 4188 trim.
1381 4121 1484 4187 Plane

314 4318 334 4385 ¹)
352 4314 470 4386 Hesych.
490 4314 622 4372 σωάάάιι·
642 4321 789 4388 παρατηριῑ
806 4316 840 4370 of.
860 4315 977 4385 dhretis,
996 4317 1060 4372 dial.
1080 4317 1115 4372 11.
1135 4334 1161 4387 p.
1181 4320 1224 4382 97,
1248 4315 1286 4372 Μ.
1306 4315 1431 4372 Schmidt
1449 4316 1487 4372 ad

204 4404 257 4462 loo.
276 4404 349 4475 Hes,
371 4403 409 4461 W.
431 4405 556 4471 schulze,
575 4409 680 4478 quaest.
700 4422 740 4476 ep.
760 4423 787 4476 p.
807 4408 867 4473 313,
886 4423 951 4461 num
969 4407 1004 4462 ad
1023 4406 1093 4463 hanc
1112 4408 1227 4478 stirpem
1246 4405 1385 4478 pertineat
1402 4405 1485 4476 plano

205 4496 348 4552 incertum.
