3232 5176
689 274 906 338 „42-

163 455 316 522 habuisse
345 455 546 521 demonstrat
573 454 661 521 locus
686 452 774 537 Sept.
793 453 857 519 858
875 454 968 536 (837)
993 455 1085 520 chor:
1121 450 1185 518 τάν
1213 450 1360 518 ἄστουου
1383 474 1437 536 με-

164 562 353 645 λάγκροκον
375 559 565 626 ναύστολον
588 559 743 644 θεωρίδα
769 561 808 626 de
833 562 945 644 cymba
969 561 1136 628 Charonis,
1185 560 1273 639 Quae
1298 580 1370 627 curn
1393 563 1439 628 ita

164 671 238 751 sint,
273 688 377 752 neque
411 670 480 735 veri
511 669 667 735 dissimile
695 674 745 735 est
767 688 877 735 vocem
900 667 1102 752 θεοπρόπος
1124 651 1296 750 aliquando
1321 671 1439 735 Atticis

164 778 197 842 in
220 795 281 842 usu
303 775 414 861 fuisse,
438 781 470 842 et
493 782 631 860 apparet
654 796 708 843 eos
732 777 821 841 illam
844 795 1006 859 nunquam
1031 777 1071 841 de
1095 776 1208 841 nuntio
1226 775 1349 841 oraculi
1367 795 1438 841 con·

164 884 290 950 sulendi
314 886 420 966 gratia
443 885 541 950 misso
565 903 748 967 usurpasse.

274 993 407 1058 Accedit
429 993 463 1057 in
485 1010 564 1058 voce
586 991 787 1075 θεοπρόπος
803 1011 954 1058 mensura
969 1021 1088 1071 υ-υσ,
1114 1010 1185 1055 cum
1200 990 1296 1056 homo
1312 990 1438 1056 Atticus

166 1101 376 1182 praetulisset
398 1125 513 1181 wc,
539 1099 576 1165 ci.
601 1101 640 1166 de
659 1101 756 1183 Mess,
780 1100 862 1165 Mus.
880 1101 980 1165 Rhen.
1000 1102 1051 1179 58,
1076 1119 1107 1181 p.
1127 1101 1201 1163 286.
1238 1098 1271 1163 Is
1295 1116 1439 1181 compro·

166 1209 256 1275 bavit
290 1208 484 1290 positionem
518 1212 594 1273 ante
630 1212 750 1273 mutam
786 1226 857 1272 cum
891 1208 1015 1289 liquida
1051 1226 1089 1271 ex
1113 1207 1213 1288 epicis
1237 1210 1271 1271 et
1294 1205 1438 1270 iambicis

167 1315 278 1381 Ionum
302 1316 496 1381 carminibus
517 1315 550 1380 in
566 1316 767 1398 tragoediam
783 1321 946 1397 receptam
963 1315 1003 1381 ab
1020 1316 1131 1379 Attica
1145 1312 1284 1378 dialecto
1301 1313 1438 1378 alienam

168 1441 249 1490 esse.
288 1422 378 1488 Nova
401 1423 500 1504 igitur
524 1425 648 1489 accedit
672 1441 777 1504 causa,
803 1441 859 1489 cur
883 1420 1083 1504 θεοπρόπος
1106 1421 1139 1485 in
1163 1421 1333 1501 tragoedia
1356 1421 1437 1485 inter

167 1548 261 1596 voces
284 1530 411 1596 Ionicas
434 1548 599 1610 ponamus.

718 1713 898 1781 ΨΗΓΜΑ.

274 1851 334 1935 Ag.
351 1854 415 1917 442
440 1850 533 1935 (424)
558 1850 645 1918 chor.

488 1957 506 2023 ὁ
527 1955 758 2042 χρυσαμοιβὸς
782 1957 814 2023 d'
839 1956 944 2041 Ἄρης
968 1957 1139 2039 σωμάτων

487 2068 543 2132 καὶ
565 2064 797 2148 ταλαντοῦχος
820 2064 857 2129 εὐ
879 2065 970 2147 μάχῃ
995 2061 1098 2146 δορὸς

489 2172 655 2256 πυρωθὲν
679 2171 715 2255 ἐξ
741 2171 837 2238 Ἰλίου

489 2278 616 2365 φίλοισι
638 2281 763 2362 πέμπει
785 2278 873 2363 βαρὺ

489 2392 631 2472 ψῆγμα
655 2386 889 2471 θυσὸάκρυτου
912 2385 968 2451 ἀυ-

594 2497 739 2578 τήυορος
764 2493 894 2560 σποθοῦ
918 2496 1005 2577 γεμί-

596 2601 664 2684 ζοου
687 2600 834 2685 λέβητας
857 2600 1031 2681 εὐθέτους.

283 2708 400 2792 mappa
429 2711 574 2791 astirpe
597 2726 685 2791 τμακ-
715 2709 767 2792 (cf.
791 2708 918 2790 ψακάς,
948 2709 1063 2790 rorigo)
1095 2706 1266 2772 formatum
1298 2725 1438 2788 „ramen-

174 2822 260 2882 tum“
289 2823 347 2882 est.
388 2816 499 2898 Neque
522 2836 598 2883 uero
623 2817 662 2881 de
686 2816 831 2898 quolibet
853 2821 997 2880 ramento
1017 2821 1201 2896 usurpatur,
1226 2815 1340 2880 sedin
1365 2815 1440 2879 duas

173 2921 426 3006 significationes
454 2923 557 2989 artius
589 2924 846 3005 circumscriptas
877 2924 973 3004 abiit,
1010 2941 1082 2987 nam
1117 2922 1204 3002 apud
1233 2922 1441 3003 philosophos

173 3031 328 3114 quosdam
353 3031 531 3112 particulae
556 3050 724 3116 corporum
750 3031 898 3095 minimae
927 3031 987 3095 hac
1011 3047 1088 3095 voce
1111 3029 1329 3110 nominantur,
1360 3029 1442 3111 apud

173 3139 314 3222 reliquos
338 3143 446 3204 autem
470 3139 644 3221 scriptores
668 3142 790 3220 ψῆγμα
815 3143 1015 3218 „ramentum
1039 3137 1143 3202 auri“
1171 3141 1230 3202 est.

280 3247 369 3312 Inter
403 3246 611 3328 philosophos
646 3245 784 3313 fortasse
820 3247 883 3311 iam
913 3245 1096 3311 Heraclitus
1131 3263 1209 3309 voce
1237 3248 1360 3326 ψῆγμα
1394 3243 1444 3310 vel

174 3353 369 3435 ψηγμάτιου
393 3372 469 3419 usus
494 3358 553 3433 est,
578 3355 639 3420 etsi
663 3355 820 3418 incertum
838 3359 896 3429 est,
921 3371 1090 3435 quemnam
1114 3370 1244 3418 sensum
1260 3353 1290 3416 ei
1307 3352 1442 3418 dederit

176 3460 213 3525 ci.
239 3461 370 3542 doxogr.
392 3481 422 3544 p.
442 3462 506 3526 312
532 3466 564 3526 et
580 3461 693 3527 Dielsii
709 3461 791 3543 prol.
816 3481 847 3543 p.
866 3463 939 3524 221.
981 3461 1085 3542 Atque
1102 3459 1293 3525 Aristoteles
1316 3481 1353 3525 π.
1372 3459 1443 3542 erip.

174 3568 231 3633 III.
251 3570 280 3648 5,
308 3569 364 3635 ubi
393 3569 573 3634 doctrinam
596 3569 853 3635 Heracliteorum
877 3568 1077 3650 quorundam
1102 3572 1339 3647 commemorat,
1370 3568 1446 3633 dicit

174 3697 205 3759 p.
224 3678 288 3742 304
313 3695 332 3740 a
356 3678 395 3741 21
428 3675 550 3741 ἕκτου
579 3675 893 3759 λεπτομερεστάτου
918 3673 1143 3756 ἀντιθεμθνου
1168 3674 1252 3757 φασὶ
1275 3673 1446 3756 γίγνεσθαι

175 3781 286 3849 τᾶλλα
308 3781 467 3866 καθάπερ
484 3781 527 3848 ἆυ
543 3784 572 3848 εἰ
587 3783 862 3867 συμφυστομέυου
878 3782 1068 3864 ψήγματος.
1107 3782 1315 3848 Potissimum
1340 3786 1446 3847 autem

178 3893 225 3957 ita
239 3891 348 3956 vocari
364 3890 457 3972 solet,
474 3891 559 3973 quod
575 3909 633 3957 nos
650 3892 784 3957 dicimus
804 3889 1161 3971 „Sonncnstaubchen“‚
1178 3891 1211 3955 id
1227 3890 1312 3971 quod
1328 3889 1447 3955 Demo·

180 3999 279 4063 critus
308 3998 426 4064 dixisse
450 3999 586 4078 videtur,
618 3997 657 4065 cf.
681 3998 814 4064 Aristot.
831 4016 866 4065 π.
885 3996 956 4079 οθρ.
969 3998 1024 4064 IV.
1039 4000 1068 4078 6,
1092 3998 1148 4064 ubi
1171 3998 1258 4064 illius
1282 4000 1446 4065 doctrinae

177 4107 371 4172 mentionem
394 4105 484 4188 facit,
509 4126 538 4187 p.
557 4107 648 4169 313a
672 4107 729 4170 20:
765 4110 879 4171 natare
907 4106 1061 4187 quasdam
1090 4124 1142 4172 res
1166 4111 1301 4187 propter
1324 4106 1445 4190 exigui·

177 4218 277 4278 tatem
303 4213 377 4279 οἴου
400 4217 521 4296 ψῆγμα
543 4213 600 4277 καὶ
623 4209 712 4277 ἄλλα
735 4210 844 4296 γεώδη
868 4213 925 4277 καὶ
947 4210 1158 4295 κουοορτώθη
1183 4213 1239 4277 ἐπὶ
1258 4215 1320 4277 τοῦ
1337 4212 1445 4296 ἀέρος.

179 4322 299 4387 Eodem
323 4340 419 4388 seusu
443 4340 553 4387 vocem
576 4326 713 4402 usurpat
734 4321 819 4386 Plut.
837 4340 914 4385 mor.
940 4340 970 4402 p.
990 4323 1096 4401 722A,
1122 4321 1177 4403 qui
1201 4339 1240 4385 cx
1255 4322 1447 4402 Anaxagora

179 4435 401 4511 argumentum
430 4447 491 4496 nec
519 4448 581 4495 non
609 4430 712 4512 ipsam
736 4427 873 4495 fortasse
895 4446 1005 4494 vocem
1028 4429 1145 4495 hausit.
1192 4428 1339 4510 Denique
1362 4428 1445 4493 Plut

180 4556 257 4604 mor.
283 4557 315 4620 p.
334 4537 430 4602 695ss
454 4537 493 4603 de
510 4536 679 4620 particulis
695 4535 788 4621 nivis,
811 4536 945 4620 Longin.
962 4535 1024 4618 frg.
1041 4539 1059 4600 7
1078 4533 1206 4621 (Toup.)
1228 4536 1315 4619 apud
1330 4534 1446 4604 Euseb.
