3232 5176
698 272 917 335 ..56-

166 451 259 533 (206)
284 450 369 518 trim.
393 446 594 532 Ἀραχναῖον
611 449 753 531 αἶπος,·
776 449 872 532 Soph.
890 450 968 516 0ed.
990 455 1051 533 tyr.
1070 451 1134 516 871
1152 449 1239 515 chor.
1257 448 1449 532 ἀκρότατον

165 556 359 642 οἶσαναβᾶσ’
386 556 516 638 αἶπος
539 549 735 639 andronem
759 557 871 641 Eurip.
896 558 964 626 Alc.
991 560 1056 624 500
1085 559 1171 624 trim.
1208 556 1296 641 πρὸς
1322 557 1449 639 αἶπος

164 665 305 750 ἔρχεται,
337 665 457 731 Phoen.
484 666 545 730 851
573 665 659 730 trim.
686 664 811 746 αἶπος
836 663 992 749 ἐκβαλὼν
1017 664 1111 747 ὁδοῦ,
1139 664 1178 732 ci.
1209 664 1346 748 Hesych.
1374 685 1400 731 s.
1418 684 1447 733 v.

166 772 278 854 αἶπος·
304 772 458 855 κάματος
480 770 501 854 ἢ
526 770 665 855 ὑψηλὸς
692 771 800 854 τόπος
830 771 852 856 ἢ
875 772 1023 856 ὑλώδης.
1072 775 1130 840 Est
1153 774 1255 856 igitur
1278 772 1318 839 cd
1344 773 1450 855 αἶπος

164 881 197 946 in
219 881 391 963 tragoedia
415 884 561 960 „mons“,
599 880 719 945 tralate
744 881 865 947 dictum
890 881 930 948 ab
954 882 1110 965 Euripide
1141 882 1181 949 de
1216 883 1448 964 impedimento

165 993 263 1072 atque
300 1006 392 1054 mora
426 988 507 1054 viae.
554 988 707 1054 Fortasse
745 989 843 1054 etiam
866 988 1005 1055 Nauchii
1038 988 1097 1071 frg.
1124 990 1235 1071 adesp.
1261 991 1326 1055 468
1363 990 1450 1071 apud

165 1095 277 1180 Steph.
302 1097 376 1180 Bya.
401 1093 578 1179 Βαρκαῖον
602 1095 705 1177 αἶπος
728 1102 817 1163 recte
842 1098 1031 1181 tragoediae
1056 1097 1261 1164 attribuitur.

271 1204 360 1270 Haec
383 1222 444 1271 vox
468 1204 500 1268 in
529 1203 674 1286 pedestri
702 1223 850 1270 sermone
887 1207 972 1287 apud
997 1206 1103 1272 solum
1126 1205 1360 1288 Hippocratem
1398 1225 1448 1270 re·

163 1313 302 1396 peritur,
333 1312 384 1378 cui
408 1312 530 1377 usitata
554 1316 605 1377 est
627 1310 766 1378 formula
789 1311 877 1396 πρὸς
894 1313 998 1396 αἶπος
1013 1312 1143 1398 βαίνειν
1167 1332 1225 1380 sen
1250 1310 1449 1395 ὁόοιπορεῖν

166 1440 224 1488 sen
247 1422 319 1486 sim.
359 1420 411 1500 „in
434 1423 577 1485 montem
601 1420 810 1502 ascendere“‚
833 1421 923 1487 velut
946 1439 981 1488 π.
1006 1437 1102 1486 νοοσ.
1125 1418 1159 1504 β’
1182 1423 1234 1506 51,
1252 1421 1305 1502 52,
1324 1423 1377 1503 70,
1413 1442 1450 1486 π.

166 1527 264 1609 ἐντὸς
286 1524 374 1593 aad.
399 1530 452 1608 44,
477 1527 511 1594 L.
537 1526 611 1594 VII.
636 1529 688 1609 78,
708 1530 762 1611 80,
781 1530 855 1611 106,
873 1531 947 1594 276.
998 1529 1077 1594 Tum
1112 1528 1211 1612 plane
1238 1529 1372 1595 evanuit
1395 1548 1449 1595 ex·

166 1636 269 1720 ceptis
293 1635 527 1703 recentioribus
551 1635 668 1718 poetis,
705 1636 760 1719 qui
786 1656 856 1704 eam
885 1642 923 1703 ut
945 1654 1053 1703 raram
1078 1641 1112 1704 et
1134 1636 1299 1720 poeticam
1335 1656 1353 1704 e
1383 1641 1452 1702 tra·

165 1745 282 1828 goedia
303 1748 509 1826 receperunt.
562 1742 697 1811 Praesto
732 1750 810 1812 sunt
832 1745 1018 1812 testimonia
1046 1745 1079 1811 in
1114 1746 1267 1812 thesauro
1292 1743 1450 1827 Stephani

166 1852 256 1919 velut
279 1851 442 1919 Theocrit.
466 1851 536 1917 Vll.
565 1854 637 1928 148,
664 1853 769 1936 Apoll.
794 1852 897 1920 Rhod.
921 1852 964 1921 ΙΙ.
991 1855 1066 1936 505,
1091 1852 1245 1921 Nicandr.
1262 1851 1358 1920 Ther.
1385 1853 1450 1917 214

167 1959 208 2024 al.
256 1960 304 2025 Ex
332 1960 402 2043 ipso
427 1960 585 2044 Aeschylo
615 1979 686 2027 eam
721 1961 832 2029 hausit
859 1962 959 2028 schol.
983 1961 1098 2029 Aesch.
1123 1961 1228 2028 Prom.
1256 1962 1320 2028 830
1345 1958 1448 2047 (828),

169 2086 240 2134 cnm
264 2068 442 2151 explicaret
466 2068 674 2134 αἶπύνωνον·
699 2067 795 2152 παρὰ
818 2068 857 2134 τὸ
883 2069 997 2151 αἶπος.

207 2163 210 2167 ’
273 2175 427 2242 Eiusdem
450 2176 562 2259 stirpis
587 2176 736 2244 derivata
758 2177 834 2244 inde
864 2176 905 2245 ab
928 2177 1071 2244 Homero
1095 2177 1129 2243 in
1153 2176 1332 2244 artificiosa
1349 2175 1450 2242 Grae·

167 2303 276 2351 corum
311 2285 403 2367 poesi
427 2285 597 2352 notissima
631 2289 717 2368 sunt,
756 2285 903 2352 conferas
933 2285 1045 2367 αἶπός,
1082 2284 1243 2366 αἶππνός,
1280 2283 1385 2366 αὶπύς
1407 2284 1450 2350 al.

166 2394 256 2474 Quae
291 2393 400 2475 verbu,
436 2394 500 2460 etsi
525 2394 756 2461 vetustissimis
792 2393 992 2476 temporibus
1017 2393 1167 2460 omnibus
1191 2393 1347 2460 Graeciae
1372 2410 1450 2474 gen-

167 2502 254 2568 tibus
279 2501 460 2567 communia
495 2500 596 2569 fuisse
629 2502 776 2586 putanda
804 2507 890 2584 sunt,
925 2506 1034 2568 tamen
1070 2501 1184 2584 quinto
1208 2499 1338 2568 saeculo
1374 2518 1449 2566 nus·

167 2628 263 2694 quam
286 2609 410 2676 usitata
433 2608 574 2676 luerunt.
620 2609 706 2676 Illud
729 2610 831 2691 igitur
855 2609 959 2691 αἶπος
982 2629 1041 2692 pro
1058 2609 1173 2677 ultimo
1197 2608 1336 2692 vestigio
1367 2608 1450 2675 acci·

166 2718 319 2800 piendum
343 2722 404 2803 est,
429 2718 515 2801 quod
530 2718 631 2802 stirps
655 2718 712 2784 illa
736 2719 768 2784 in
785 2737 933 2786 sermone
949 2718 1099 2801 populari
1114 2717 1259 2800 reliquit.
1307 2716 1350 2782 At
1373 2735 1449 2783 vero

167 2825 276 2892 nescio
301 2845 364 2908 quo
389 2844 466 2893 casn
489 2825 609 2892 lactum
634 2844 706 2893 essa
730 2827 844 2909 possit,
879 2830 917 2891 ut
936 2818 974 2890 'et
998 2826 1210 2892 Athenienses
1235 2829 1269 2891 et
1291 2823 1388 2891 Iones
1413 2843 1451 2890 ea

168 2937 287 3014 aetate,
312 2952 376 3016 qua
392 2933 492 3016 stirps
517 2933 621 3015 αἶπος
643 2935 747 3017 magis
770 2934 939 3017 magisque
964 2937 1181 3014 evanesceret,
1218 2933 1311 3017 quasi
1335 2932 1450 2999 ultima
1510 2960 1512 2965 ·

168 3039 220 3105 die
245 3038 379 3107 eandem
402 3058 513 3107 vocem
538 3041 651 3108 eodem
674 3059 771 3108 sensu
796 3044 988 3108 instructam
1013 3041 1213 3117 crearerint;
1238 3040 1342 3121 αἶπος
1366 3041 1451 3106 enirn

167 3147 308 3215 Homero
331 3148 661 3233 reliquisquepoetis
684 3156 817 3234 praeter
840 3150 982 3233 tragicos
998 3150 1147 3234 ignotum
1170 3154 1230 3216 est.
1278 3149 1371 3228 Quod
1396 3148 1450 3232 qui

168 3262 266 3338 neget
290 3252 371 3322 ficri
385 3256 491 3339 posse,
518 3259 674 3325 concedat
698 3257 803 3340 αἶπος
825 3259 858 3326 in
875 3257 1046 3342 tragoedia
1061 3257 1245 3325 necessarie
1260 3256 1301 3323 ab
1316 3256 1449 3324 Ionibus

169 3348 350 3432 mutuatum
376 3383 456 3432 esse.

277 3809 316 3876 Id
351 3829 474 3893 revera,
512 3813 598 3896 quod
633 3813 674 3878 dc
697 3811 813 3894 viginti
840 3789 972 3879 uocibus
1002 3813 1200 3895 gravissimis
1236 3813 1342 3880 causis
1368 3832 1452 3880 com·

170 3918 343 4001 probatum
367 3924 427 4003 est,
463 3921 573 4005 aliqua
597 3939 667 3988 curn
691 3921 760 3988 veri
784 3919 893 4004 specie
916 3921 956 3986 de
981 3925 1109 3987 centnm
1134 3921 1284 4005 Aeschyli
1320 3923 1452 3988 vocibus

172 4025 268 4108 valet,
304 4045 451 4094 necnon
484 4027 566 4094 alias
590 4046 702 4094 earum
726 4046 837 4093 vocum
872 4027 990 4094 molem
1014 4028 1273 4106 retractabimus,
1311 4031 1451 4112 quaein

57 4141 60 4148 '
172 4135 387 4216 suspicionem
410 4134 539 4202 Ionicae
577 4134 711 4217 originis
747 4136 840 4203 nobis
864 4142 1031 4204 venerunt.
1080 4136 1200 4203 Tamen
1236 4136 1451 4204 resistendum
1514 4196 1516 4200 .

174 4246 233 4322 est,
259 4243 348 4308 cuius
372 4243 420 4310 rei
437 4261 535 4311 causa
557 4243 590 4309 in
606 4243 757 4326 proximo
775 4244 880 4326 capite
899 4244 1182 4311 demonstrabitur.
1236 4244 1320 4311 Huic
1343 4250 1452 4312 autem

173 4350 356 4432 quaestioni
379 4349 452 4418 finis
480 4351 674 4434 imponatur,
712 4371 781 4418 cum
807 4371 903 4436 quarn
923 4352 1123 4421 brevissimis
1149 4354 1450 4438 compransorimus‚

174 4456 251 4539 quid
275 4457 379 4522 adhuc
395 4459 573 4542 profectum
598 4461 651 4529 sit.
698 4461 804 4544 Atque
828 4462 1070 4544 comprobatum
1095 4461 1224 4544 quidem
1249 4466 1301 4526 est
1324 4468 1451 4528 exstare

173 4566 206 4632 in
242 4566 401 4648 tragica
436 4568 612 4634 dictione
647 4569 746 4635 verba
780 4568 867 4635 haud
894 4588 1007 4652 pauca,
1043 4588 1127 4652 quae
1151 4573 1246 4636 nata
1268 4575 1360 4651 post
1383 4570 1450 4635 Ho-
