3164 5176
679 265 810 326 ..90
869 301 893 308 ..

151 446 376 530 φερέγγυον
405 439 445 507 τὸ
471 440 533 508 σὸν
579 439 776 529 (Apollinis).
824 440 957 508 Accedit
982 439 1151 523 Sophoclis
1174 440 1264 505 locus
1288 439 1337 504 El.
1360 441 1414 505 942

148 556 234 620 trim.
270 554 304 618 ol
329 551 392 635 γὰρ
420 548 577 632 κελεύεις,
615 548 664 616 ὧν
695 549 761 631 ἐγὼ
792 551 1024 632 φερέγγυος,
1061 549 1157 615 schol.
1192 569 1227 632 φ.
1253 547 1415 629 λέγεταιὸ

150 657 401 742 ἀναὸεξάμενός
423 676 456 723 τι
477 658 534 723 καὶ
557 655 748 740 δυνάμενος
764 655 927 722 ἀποτῖσαι
943 655 1018 722 αῖον
1035 654 1218 740 ἀξιόχρεως
1233 653 1305 721 κτλ.
1331 657 1417 740 „quid

150 770 235 839 enim
260 767 361 849 iubes,
386 766 471 849 quod
495 783 555 847 ego
578 765 785 847 praestem?“

256 875 377 942 Eadem
424 873 611 939 condicione
649 873 834 938 Herodotus
876 873 994 954 utitur,
1041 891 1111 938 cnm
1150 872 1239 939 dicat
1276 872 1345 938 VII.
1382 875 1416 937 49

150 981 281 1067 (λιμήν)
307 980 491 1065 δεξάμενός
514 999 573 1046 σευ
597 983 700 1046 ταῦτα
730 961 773 1045 τὸι
793 978 955 1045 ναυτικὸν
980 980 1207 1064 φερέγγυος
1242 978 1337 1045 ἔσται
1359 978 1420 1045 dcc·

157 1093 265 1156 σῶσαι
288 1087 351 1170 τὰς
372 1090 453 1171 νέας
478 1093 613 1172 „portus
631 1139 639 1153 .
657 1138 664 1154 .
681 1089 858 1155 incolumes
881 1107 981 1154 naves
998 1088 1057 1153 tibi
1074 1089 1290 1171 praestabit.“
1340 1088 1421 1155 Alter

150 1198 240 1264 locus
278 1203 329 1264 est
364 1198 402 1263 V.
427 1197 470 1262 30
507 1194 612 1278 αὐτὸς
645 1195 709 1280 μὲν
743 1195 825 1279 ὑμῖν
859 1195 901 1261 σύ
933 1194 1161 1279 φερέγγυός
1196 1195 1263 1278 εἰμι
1287 1193 1421 1278 ὄύναμιν

151 1310 341 1388 παρασχεῖν
369 1304 551 1386 τοσαύτην,
587 1300 677 1369 ὥστε
693 1357 700 1371 .
718 1352 727 1370 .
745 1357 752 1371 .
769 1303 978 1387 Aristagoras
1013 1303 1138 1370 scilicet
1162 1301 1275 1368 Naxiis
1311 1322 1420 1369 morem

150 1432 213 1479 nou
244 1414 339 1495 gerit,
366 1418 403 1478 nt
427 1413 474 1479 eis
499 1411 618 1477 auxilio
642 1413 762 1492 veniat,
798 1429 834 1477 se
864 1411 969 1493 ipsum
994 1410 1141 1493 polliceri
1176 1428 1240 1477 non
1264 1429 1359 1494 posse
1380 1410 1420 1478 eis

148 1525 258 1587 tantas
293 1520 402 1603 copias
437 1521 579 1602 mittere,
616 1519 745 1602 quantis
781 1537 862 1601 opus
895 1519 939 1584 sit
962 1518 1004 1583 ad
1027 1517 1236 1600 perficienda,
1272 1539 1355 1602 quae
1377 1538 1422 1585 cu·

149 1629 252 1712 piant,
288 1629 399 1711 „illius
434 1627 482 1693 rel
517 1645 552 1693 se
582 1627 778 1709 praedem
813 1645 884 1693 esse
921 1645 985 1692 non
1019 1628 1150 1710 posse.“
1197 1627 1300 1693 Paulo
1335 1628 1424 1695 aliter

148 1736 248 1800 vertit
282 1734 585 1818 Schweighaeuserus
625 1733 820 1816 „sufficiens
861 1733 996 1800 idoneus
1037 1739 1071 1799 et
1111 1735 1192 1801 satis
1228 1734 1355 1801 validus
1388 1737 1423 1802 ad

148 1845 380 1927 praestandum
403 1844 523 1927 alqd.“‚
560 1843 618 1909 sed
640 1843 718 1909 licet
748 1860 878 1910 sensum
901 1843 989 1909 vocis
1020 1861 1119 1924 supra
1142 1843 1349 1924 explanatum
1371 1844 1424 1909 hoc

149 1969 277 2034 quoque
301 1951 372 2017 loco
396 1956 520 2018 tenere.
567 1950 714 2032 Denique
744 1950 947 2033 Thucydides
981 1969 1091 2016 vocem
1115 1950 1246 2016 exhibet
1280 1952 1365 2017 VIII.
1389 1953 1423 2017 68

149 2058 377 2146 (Phrynichus)
401 2057 492 2124 πολύ
516 2077 553 2123 τε
581 2056 669 2140 πρὸς
702 2056 746 2122 τὰ
774 2056 878 2138 δεινὰ,
903 2055 1085 2142 ἐπειδήπερ
1120 2057 1262 2143 ὑπέστη,
1301 2078 1425 2142 φερεγ-

149 2166 366 2247 γαώτατος
389 2166 511 2251 ἐφάνη,
537 2166 636 2233 schol.
661 2165 883 2248 ἱκανώτατος,
916 2166 977 2232 hoc
1006 2171 1056 2233 est
1083 2167 1317 2250 „Phrynichus
1354 2185 1425 2249 qno·

149 2274 234 2338 niam
259 2275 434 2356 aligarchis
469 2275 544 2340 anui
570 2275 633 2338 411
671 2292 707 2339 se
736 2273 921 2356 applicavit,
956 2275 1095 2341 maxime
1130 2276 1292 2341 atrocium
1326 2293 1424 2340 rernm

150 2399 247 2464 praes
272 2399 343 2447 esse
367 2383 455 2449 uisus
480 2383 563 2449 est.“

257 2489 379 2555 Eadem
403 2509 465 2557 uox
488 2509 622 2556 munere
638 2489 777 2555 nominis
792 2489 918 2572 proprii
941 2489 1087 2573 fungitur
1103 2491 1188 2573 apud
1207 2490 1426 2574 Cyrenaeus

148 2599 180 2664 in
206 2597 302 2663 titulo
337 2598 428 2663 tertii
462 2597 531 2664 fere
563 2596 1119 2679 saeculic.-B.111.a,4835.19
1159 2596 1426 2687 <Φ>ερεγγύο[ν].

148 2705 185 2771 Id
209 2705 273 2770 ianr
297 2705 378 2770 satis
402 2706 520 2787 probat
535 2723 645 2770 vocem
663 2704 758 2770 ctiam
786 2710 876 2771 extra
894 2704 1003 2770 Asiam
1019 2706 1177 2773 minorem
1194 2706 1426 2790 uoluminum,

149 2813 200 2878 vel
224 2813 257 2878 in
282 2812 401 2879 Dorica
434 2813 524 2880 urbe.
571 2813 705 2879 Accedit
728 2831 815 2894 vero,
840 2817 877 2878 nt
900 2832 963 2878 nou
988 2814 1093 2879 solum
1115 2814 1218 2880 Attici
1242 2814 1426 2898 scriptores,

148 2921 220 2986 dico
245 2920 437 3003 Aeschylum
462 2924 496 2985 et
520 2920 747 3003 Thucydidem,
773 2937 850 2985 voce
875 2920 987 2986 eadem
1012 2926 1110 3004 atque
1128 2920 1322 3008 Herodotus
1338 2922 1428 2988 liber·

147 3033 218 3094 tate
242 3032 385 3107 utantur,
422 3029 480 3094 sed
504 3029 602 3093 ctiam
625 3027 776 3093 formatio
811 3027 894 3094 adeo
923 3033 1054 3094 vetusta
1077 3033 1111 3096 et
1134 3029 1284 3095 obsoleta
1308 3031 1362 3112 sit,
1396 3034 1429 3095 ut

149 3156 219 3202 eam
243 3137 303 3202 hac
327 3136 396 3202 sola
421 3155 518 3201 causa
534 3129 666 3202 adducti
690 3136 792 3202 aetati
809 3135 1069 3203 antehomericae
1093 3135 1321 3203 attribuamus.
1355 3135 1429 3202 Nam

150 3263 270 3325 omues
306 3263 387 3327 quae
413 3245 526 3309 eadem
550 3244 677 3309 ratione
708 3242 867 3309 formatae
897 3248 972 3309 suut
995 3262 1089 3310 voces
1113 3243 1263 3310 ineuntes
1288 3262 1307 3308 a
1332 3243 1429 3325 stirpe

151 3353 276 3418 verbali
312 3351 385 3433 ἀγε-
415 3350 510 3434 ἀρχε-
540 3348 629 3416 ἑλκε-
665 3351 732 3435 ἐχε-
762 3350 851 3434 λεχε-
887 3373 982 3435 μενε-
1018 3368 1157 3435 στρεφε-
1195 3372 1293 3435 φερε·
1301 3351 1329 3434 ¹)
1363 3370 1430 3434 per-

153 3466 302 3527 vetustae
338 3464 371 3526 et
404 3480 445 3526 ne
478 3479 542 3525 una
577 3461 706 3543 quidem
743 3465 852 3526 aetate
876 3460 1115 3543 posthumerica
1150 3458 1312 3527 formatae
1348 3464 1430 3527 sunt.

150 3569 244 3634 Unde
269 3563 416 3650 sequitur
438 3586 549 3634 vocem
576 3568 759 3650 φερέγγυος
782 3567 823 3634 ad
848 3573 990 3636 aetatem
1014 3567 1270 3634 Atheniensibus
1294 3571 1329 3634 et
1348 3566 1430 3632 Ioni·

150 3675 211 3742 bns
237 3694 436 3742 communem
460 3675 624 3742 recedere.

257 3782 400 3848 Tertiam
423 3783 563 3867 deniqne
599 3772 728 3848 causam
763 3783 839 3850 inde
862 3784 994 3850 haurire
1028 3783 1115 3866 licet,
1152 3782 1240 3865 quod
1264 3781 1433 3866 ἐχ-έγναος

150 3891 334 3974 oppositum
377 3891 464 3956 vocis
508 3891 707 3974 φερέγγυος
752 3892 946 3958 adiectivum
985 3909 1088 3974 aeque
1127 3889 1307 3958 formatum
1350 3889 1431 3973 apud

151 3998 366 4064 Athenienses
390 4000 427 4066 V.
453 3999 582 4082 quidem
606 3998 728 4064 saeculi
763 4019 827 4066 non
851 4002 997 4084 ignotum
1026 3998 1088 4065 fuit
1115 3999 1206 4065 velut
1230 3998 1432 4083 Thucydides

151 4106 281 4187 scripsit
303 4106 360 4172 III.
387 4110 429 4173 46
454 4105 580 4172 οὔκουν
600 4106 666 4191 χρὴ
691 4105 771 4174 οὔτε
794 4111 855 4174 τοῦ
881 4105 1037 4173 duodeno
1061 4111 1102 4190 τῇ
1131 4104 1234 4189 §mpla
1259 4106 1310 4189 ὡς
1334 4107 1434 4191 ε’χεγ·

152 4211 233 4295 ydor
261 4214 503 4297 πιστεύσαντες
523 4212 929 4302 χεῖρσνῐβσνλεύσασιλαι,
954 4213 992 4282 cl.
1017 4214 1155 4298 Hesych.
1181 4233 1208 4280 s.
1224 4235 1254 4281 v.
1279 4215 1434 4314 ἐχεγγύῳ·Ι

260 4480 281 4551 ¹)
302 4479 337 4534 cf.
364 4480 481 4551 Osthoff,
509 4482 558 4536 das
587 4481 708 4538 Verbum
735 4482 754 4536 i.
782 4482 807 4536 d.
836 4480 1089 4549 Nominalbildnng,
1118 4479 1190 4535 Jena
1221 4482 1303 4552 1878,
1332 4500 1360 4559 p.
1382 4485 1435 4548 137,

150 4571 318 4640 Brngmann,
335 4569 438 4640 griech.
462 4571 580 4626 Gramm.
599 4571 614 4644 ξ
635 4573 694 4629 156.
711 4575 734 4629 1.
