3232 5176
675 1179 801 1263 Caput
829 1181 888 1247 ΙΙΙ,

296 1360 367 1435 Db
396 1357 630 1437 VOOIBUS
658 1357 925 1435 AESOHYLI
952 1357 1257 1439 SIOllhIOTIS.

246 1539 422 1623 Postquam
439 1539 660 1622 superioribus
677 1538 837 1621 capitibus
861 1539 901 1605 de
924 1539 964 1605 iis
982 1539 1256 1606 vicissitudinibus
1283 1541 1420 1624 egimus,

139 1665 222 1730 quae
251 1653 380 1714 exstant
409 1648 495 1714 inter
527 1647 667 1713 lonicam
698 1645 902 1729 Atticumque
931 1647 1196 1713 consuetudinem
1227 1652 1260 1712 et
1293 1666 1419 1713 omnem

139 1773 319 1821 sermonem
356 1755 525 1837 tragicum,
562 1755 627 1819 iam
661 1773 744 1820 nova
779 1754 927 1836 quaestio
962 1753 1164 1820 instituenda
1200 1760 1250 1820 est
1281 1755 1321 1820 dc
1352 1756 1423 1838 ipso

140 1860 309 1945 Aeschylo,
335 1880 430 1944 quem
454 1880 525 1927 cnm
548 1861 752 1927 notissimum
778 1861 822 1926 sit
844 1860 955 1943 plures
978 1879 1080 1926 annos
1104 1861 1137 1925 in
1161 1860 1270 1927 Sicilia
1294 1862 1423 1944 vixisse,

138 1968 225 2034 illius
261 1969 390 2034 dialecti
419 1969 512 2052 quasi
536 1965 648 2034 florem
684 1969 724 2035 ad
749 1969 926 2035 ornandam
951 1968 1125 2034 dictionem
1154 1969 1216 2035 sibi
1247 1970 1424 2053 sumpsisse

140 2095 203 2142 non
229 2077 332 2142 solum
369 2095 428 2159 per
463 2096 498 2144 se
522 2076 699 2142 verisimile
723 2081 783 2158 est,
820 2078 877 2144 sed
914 2076 1012 2144 etiam
1048 2076 1237 2161 grauissimo
1261 2078 1423 2144 Athenaei

140 2185 327 2251 testimonio
359 2182 577 2250 confirmatur.
624 2183 714 2251 Haec
746 2203 816 2250 cum
847 2186 1037 2267 conquirere
1066 2186 1255 2253 studeamus
1285 2187 1424 2268 vestigia

141 2292 286 2373 quamvis
323 2292 449 2374 exigna,
490 2291 728 2374 respiciendum
768 2299 820 2359 est
858 2292 1027 2376 imprimis,
1069 2299 1226 2376 quantum
1266 2291 1424 2377 proficere

141 2399 301 2480 possimus
325 2399 358 2464 in
381 2399 442 2464 hac
466 2399 577 2465 subtili
600 2400 800 2483 quaestione,
825 2420 899 2467 nam
924 2400 1060 2483 nequis
1084 2406 1195 2483 speret
1218 2420 1276 2467 nos
1301 2400 1423 2484 aliquid

140 2504 241 2573 firmis
265 2507 467 2590 argumentis
498 2507 764 2590 comprobaturos
788 2526 869 2586 esse,
898 2509 979 2574 satis
1010 2507 1104 2574 uobis
1134 2506 1312 2591 proiecisse
1336 2508 1424 2574 vide·

140 2614 256 2692 bimur,
281 2615 309 2680 si
333 2616 509 2698 continget,
545 2621 583 2681 ut
604 2635 754 2698 paucas
778 2634 891 2683 voces
924 2634 943 2681 a
966 2616 1100 2700 reliquis
1124 2616 1241 2698 tragici
1265 2617 1422 2683 sermonis

140 2719 284 2787 lontibus
307 2723 466 2789 alienas
490 2723 532 2788 ad
555 2721 833 2790 Siciliotarum
858 2724 1123 2790 consuetudinem
1147 2723 1346 2788 reducamus.

249 2830 340 2896 Vixit
364 2831 540 2914 Aeschylus
570 2832 620 2898 bis
649 2831 821 2898 nonnullos
851 2850 952 2898 annos
983 2832 1015 2896 in
1046 2830 1166 2897 Sicilia.
1214 2830 1256 2895 Et
1283 2831 1422 2912 primum

141 2938 269 3020 quidem
306 2958 370 3004 una
406 2959 477 3006 cum
513 2940 587 3006 aliis
622 2942 731 3023 poetis
766 2940 808 3007 ab
842 2940 987 3007 Hierone
1019 2937 1251 3021 Syracusarum
1285 2941 1422 3019 tyranno

141 3046 315 3111 arcessitus
340 3051 400 3128 est,
425 3048 481 3130 qui
504 3048 581 3114 inde
605 3048 645 3113 ab
670 3067 754 3114 anno
778 3050 842 3113 477
868 3046 1027 3130 regnavit.
1075 3045 1136 3124 Qui
1162 3062 1232 3111 cum
1256 3062 1340 3109 anno
1357 3045 1422 3108 476

140 3153 253 3218 urbem
276 3153 455 3220 Aetnarum
479 3161 578 3222 antea
600 3154 767 3221 Octauiam
791 3160 938 3220 vocatam
962 3152 1054 3219 novis
1079 3152 1201 3219 colonis
1224 3151 1424 3215 instruxerat

140 3259 191 3342 (cf.
217 3260 311 3326 Diod.
336 3261 391 3326 XI.
417 3263 459 3327 38
484 3267 517 3328 et
541 3265 608 3344 49),
634 3262 811 3344 Aeschylus
834 3263 868 3328 in
892 3262 1050 3328 honorem
1074 3260 1218 3327 coloniae
1243 3259 1423 3340 composuit

140 3363 341 3448 Αἰτναίας
364 3367 417 3452 (ci.
442 3367 556 3455 uitam)
581 3388 639 3436 nec
664 3389 739 3435 vero
763 3371 850 3436 ultra
874 3389 993 3435 annum
1010 3370 1074 3434 473
1099 3369 1132 3434 in
1159 3366 1268 3433 Sicilia
1291 3366 1421 3445 mansit,

142 3491 216 3538 nam
244 3494 327 3541 anno
353 3478 418 3541 472
450 3478 566 3543 iterum
598 3476 734 3543 Athenis
762 3481 921 3558 versatur,
958 3496 1021 3560 quo
1052 3475 1196 3542 Persas
1230 3474 1263 3540 in
1293 3492 1422 3539 scenam

99 3651 104 3657 ,
140 3582 288 3663 prodisse
325 3590 550 3667 argumentum
586 3587 688 3652 docet.
742 3585 822 3651 Tum
857 3586 956 3652 rediit
990 3586 1022 3651 in
1059 3584 1212 3662 Siciliam,
1250 3588 1423 3666 postquam

141 3708 224 3757 anno
247 3693 312 3757 458
338 3692 486 3760 Oresteia
506 3694 596 3778 uicit,
621 3694 730 3777 ibique
754 3693 852 3761 tertio
877 3698 952 3776 post
975 3713 1059 3760 anno
1083 3697 1228 3759 mortuus
1253 3696 1313 3759 est.

245 3798 297 3865 Ita
320 3802 436 3866 mirum
461 3822 523 3868 non
548 3808 598 3868 cst
621 3822 693 3869 enm
710 3802 935 3869 Siceliotarum
952 3801 1125 3867 dialectum
1149 3801 1286 3882 novisse,
1310 3819 1421 3866 verum

141 3907 237 3970 etiam
261 3907 294 3971 in
319 3907 359 3972 iis
381 3905 509 3989 fabulis,
534 3928 614 3992 quas
631 3915 708 3976 ante
732 3929 761 3975 a.
779 3912 844 3974 477
869 3909 1009 3993 scripsit,
1035 3908 1142 3991 potuit
1168 3908 1248 3972 talia
1277 3907 1420 3972 inserere

140 4013 239 4077 verba
263 4013 346 4095 ideo,
383 4015 468 4097 quod
495 4015 682 4096 Epicharmi
711 4018 896 4083 comoediae
931 4018 963 4082 in
993 4017 1066 4098 ipsa
1097 4014 1234 4080 Graecia
1265 4019 1332 4078 tum
1356 4012 1420 4079 ism

139 4137 203 4184 non
239 4119 370 4203 ignotae
403 4120 534 4188 fuerint.
583 4122 666 4188 Nam
701 4129 830 4190 constat
864 4129 979 4207 poetas
1016 4123 1168 4206 Graecos,
1205 4138 1275 4186 cum
1311 4120 1421 4188 aliena

139 4227 238 4293 uerba
262 4234 496 4312 mutuarentur,
522 4248 561 4296 ea
585 4250 624 4297 ex
651 4231 772 4298 litteris
797 4232 906 4314 potius
935 4249 1030 4314 quam
1056 4249 1094 4297 ex
1124 4245 1270 4296 sermone
1294 4229 1421 4313 vulgari

141 4334 276 4417 cepisse.

247 4442 487 4524 Gravissimum,
524 4445 696 4528 quodiam
726 4464 826 4531 supra
856 4450 1140 4513 commemoratum
1164 4450 1224 4526 est,
1260 4442 1419 4510 Athenaei

138 4551 358 4619 testimonium
394 4553 576 4635 quaestioni
621 4560 753 4623 nostrae
792 4555 1040 4638 praemittimus,
1085 4553 1171 4637 quod
1209 4555 1315 4620 exstat
1358 4549 1416 4645 IX,

1218 4658 1314 4715 17⁸*
1351 4662 1362 4709 s
1398 4656 1446 4717 '2⁴3
