3232 5176
721 271 959 335 -102-

205 459 267 523 ron
301 452 520 534 ’Λπόλλωνος
553 454 616 518 τοῦ
651 451 688 517 ἐν
723 448 886 515 Σικυῶνι·
922 446 993 514 καί.
1019 447 1169 535 (Preller‚
1193 448 1259 514 1.υ.
1284 467 1314 530 p.
1343 448 1482 532 2421),

206 584 270 648 qua
303 564 336 630 in
371 581 408 630 re
431 560 668 644 respiciendum
704 563 755 626 est
788 558 868 625 talia
904 557 1035 624 uomina
1063 556 1221 641 religione
1256 561 1387 622 sacrata
1410 574 1486 640 per·

205 672 334 736 vetusto
357 684 438 745 esse,
473 670 512 730 nt
535 682 573 729 ex
596 663 791 730 testimoniis
823 664 932 731 allatis
956 664 1194 743 concludamus,
1225 682 1335 730 vocem
1359 661 1488 748 βουνός

206 776 292 859 apud
315 775 491 839 Dorienses
515 777 626 838 aetate
657 772 737 837 satis
760 777 886 839 remota
921 773 952 838 in
982 791 1043 838 usu
1066 771 1177 839 fuisse.
1225 772 1314 850 Quae
1339 789 1410 836 cum
1440 771 1489 837 ita

206 885 282 966 sint,
318 900 416 948 causa
438 899 502 947 non
526 886 585 962 est,
611 898 667 945 cur
691 880 884 962 dubitemus,
921 881 998 962 quin
1028 880 1127 945 etiam
1151 880 1237 961 apud
1262 877 1486 962 Syracusanos

206 990 361 1069 floruerit,
393 990 479 1072 quod
503 987 704 1072 Phrynichus
732 987 803 1054 loco
827 1007 927 1071 supra
956 987 1057 1054 allato
1083 988 1228 1053 tradidit.
1275 986 1380 1051 Aliter
1404 984 1489 1049 iudi·

208 1099 294 1165 cavit
315 1096 482 1163 Kaibelius
511 1096 532 1160 l.
552 1113 590 1178 c.,
625 1113 696 1160 cum
732 1096 905 1162 adnotaret
934 1095 1171 1179 Syracusanum
1194 1093 1365 1159 Atticistas
1394 1110 1489 1158 voca·

207 1206 317 1272 bulum
353 1223 392 1270 ea
427 1204 496 1270 sola
531 1204 571 1270 de
607 1221 704 1269 causa
727 1203 922 1286 appellasse,
958 1204 1044 1287 quod
1079 1208 1114 1269 et
1148 1202 1234 1285 apud
1266 1200 1488 1267 Philemonem

208 1312 444 1397 Syracusanum
469 1315 502 1378 et
525 1311 612 1393 apud
634 1310 835 1396 Aeschylum
858 1311 1088 1394 repperissent.

315 1421 423 1486 Etiam
447 1420 533 1501 apud
549 1418 684 1503 (lyprios
706 1417 832 1503 βουνός
855 1418 1013 1501 peculiari
1036 1418 1166 1501 quidem
1191 1415 1431 1514 significatione
1455 1415 1490 1482 in

209 1548 269 1595 usn
293 1526 365 1611 fuit,
398 1524 436 1596 cl.
460 1525 598 1609 Hesych.
624 1523 766 1610 βουνός·
798 1524 915 1609 στιβὰς
937 1523 1086 1608 Κύπριοι
1109 1522 1306 1607 (Hoffmann,
1332 1542 1380 1605 gr.
1404 1522 1490 1589 Dial.

209 1636 233 1702 I.
264 1656 295 1718 p.
327 1634 411 1717 110),
449 1633 503 1698 ubi
538 1632 734 1699 Herwerdeu
769 1633 830 1703 lex.
866 1634 972 1717 suppl.
1006 1654 1037 1717 p.
1066 1635 1127 1698 159
1163 1633 1234 1700 sine
1269 1632 1357 1697 insta
1392 1648 1492 1697 cause

210 1743 414 1811 scribendum
451 1745 561 1806 censet
589 1737 790 1823 Κυρηναῖοι.
838 1743 986 1809 Incertae
1026 1746 1135 1809 autem
1170 1740 1305 1824 originis
1341 1744 1392 1805 est
1425 1738 1491 1804 He-

210 1851 312 1937 sychii
351 1848 485 1934 βουνοί·
524 1846 645 1932 βωμοί.
694 1849 841 1933 Denique
865 1856 977 1918 notum
1012 1855 1063 1918 est
1096 1867 1207 1916 vocem
1230 1867 1294 1915 nou
1319 1847 1422 1913 solum
1458 1848 1492 1915 iu

209 1961 321 2040 lingua
349 1955 518 2040 communi,
555 1957 786 2023 verumetiam
817 1959 848 2023 in
877 1958 1034 2025 hodierno
1058 1957 1256 2026 Graecorum
1280 1975 1427 2024 sermone
1451 1957 1492 2022 de

212 2066 293 2134 colle
309 2064 470 2147 usurpari,
495 2063 535 2129 cf.
552 2063 687 2150 Thumb,
712 2066 742 2134 d.
760 2066 880 2148 griech.
898 2064 1041 2149 Sprache
1062 2086 1094 2149 p.
1113 2068 1189 2147 224,
1213 2064 1325 2148 Polyb.
1350 2066 1380 2131 3.
1399 2065 1453 2130 83.
1473 2065 1490 2128 1

213 2174 265 2257 α1.,
296 2173 383 2239 LXX
412 2172 546 2256 (centies
570 2170 661 2256 lere),
686 2173 840 2257 Ducauge
865 2174 1000 2258 glossar.
1025 2175 1050 2240 Ι.
1074 2195 1105 2257 p.
1131 2175 1207 2239 221.

319 2283 388 2348 Iam
411 2280 484 2348 finis
500 2279 667 2348 faciendus
692 2285 753 2360 est,
778 2286 815 2348 ut
831 2282 1052 2365 diiudieemus,
1079 2301 1154 2348 num
1170 2287 1260 2348 recte
1277 2298 1385 2348 vocem
1409 2279 1497 2346 inter

213 2389 364 2474 Aeschyli
387 2388 557 2457 Siceliotas
592 2390 805 2471 posuerimus.
852 2390 958 2458 Unum
987 2395 1115 2457 tantum
1150 2394 1211 2472 est,
1247 2388 1332 2472 quod
1364 2391 1496 2454 nostrae

215 2497 396 2564 sententiae
420 2496 537 2578 obstet,
574 2497 602 2563 si
631 2499 807 2565 contendas
831 2498 1025 2583 Aeschylum
1049 2499 1199 2566 Doricam
1235 2516 1346 2566 vocem
1374 2497 1497 2582 lyricae

215 2605 324 2689 poesis
347 2605 489 2671 sermoni
518 2603 647 2686 deberi3
683 2607 768 2689 quod
797 2626 867 2672 cum
895 2606 1015 2674 fuctum
1044 2625 1116 2674 esse
1146 2625 1243 2689 posse
1273 2606 1495 2686 concedamus,

215 2713 249 2778 id
273 2711 446 2778 statuimus
481 2717 626 2778 nostram
650 2713 846 2781 sententiam
879 2733 942 2781 non
972 2715 1128 2782 minorem
1152 2715 1222 2782 veri
1246 2714 1387 2797 speciem
1411 2732 1493 2796 prae

216 2837 252 2886 se
280 2817 376 2900 lerre,
412 2820 605 2901 praesertim
635 2838 707 2886 cunr
734 2840 795 2888 vox
819 2818 946 2905 βουνός
981 2823 1067 2905 opud
1091 2823 1266 2890 Dorienses
1300 2841 1364 2889 nou
1400 2821 1497 2889 obvia

216 2926 279 2992 uisi
303 2925 336 2993 iu
360 2927 543 2994 nominibus
566 2928 709 3011 propriis
732 2948 752 2994 a
775 2929 956 3013 Phrynicho
980 2929 1190 3015 Syracusanis
1214 2930 1422 2999 attribuetur.

760 3194 952 3267 ΚΥΔΑΖΩ.

324 3377 439 3444 Aesch.
475 3374 536 3458 frg.
563 3378 605 3441 94
636 3374 732 3444 οὗτοι
762 3375 891 3460 γυναιξί
918 3375 1175 3461 κυὸάζεοναι
1210 3397 1293 3446 serr.
1328 3381 1362 3446 in
1396 3382 1497 3449 schol.

218 3484 317 3568 Soph.
341 3484 391 3551 Αἱ.
418 3485 490 3549 722.
536 3484 608 3551 Ηοα
623 3485 756 3552 verbum
780 3487 879 3552 etiam
896 3486 1071 3569 Sophocles
1095 3487 1225 3554 exhibet
1254 3488 1303 3554 Ai.
1329 3491 1393 3554 722
1410 3491 1500 3556 trim.

217 3594 324 3676 μέσον
347 3589 385 3657 δὲ
407 3587 619 3673 ιιροομοίὼν
642 3594 844 3677 στρατήγιον
867 3592 1093 3676 κοὸοίζουαι
1115 3600 1190 3676 τοῖς
1204 3598 1310 3660 πᾶσιν
1339 3594 1500 3679 Ἀργείοις

219 3697 317 3783 ὁμοῦ.
364 3696 533 3779 Significat
556 3700 695 3783 quidem,
731 3707 768 3768 ut
797 3702 1058 3785 agrammaticis
1083 3703 1244 3783 docemur,
1283 3703 1497 3788 „obiurgare“

219 3812 252 3874 et
275 3806 476 3873 rarissimum
492 3808 682 3874 vocabulum
707 3815 767 3893 est,
792 3810 879 3893 quod
902 3815 1036 3892 praeter
1058 3811 1201 3893 tragicos
1225 3818 1340 3894 poetas
1364 3812 1433 3879 solo
1458 3814 1500 3881 ab

218 3916 412 3999 Epicharmo
429 3920 614 3999 usurpatur,
640 3916 678 3984 cf.
694 3915 756 4000 ing.
782 3917 847 3983 6K.
873 3919 906 3983 iu
923 3917 1022 3985 schol.
1047 3919 1088 3984 ad
1104 3917 1205 4001 Soph.
1221 3919 1281 3987 loc.
1306 3917 1498 4002 totocorde·

219 4025 276 4089 καί
310 4020 516 4107 Ἐπίχαρμος
547 4022 585 4088 ἐν
621 4020 770 4106 Ἄμύκῳ·
804 4022 940 4107 Ἂμυκε,
964 4024 1011 4109 μὴ
1035 4023 1186 4108 κύὸαζέ
1208 4048 1280 4109 μοι
1302 4026 1364 4093 τὸν
1397 4045 1500 4110 πρεσ-

220 4127 364 4214 βύτερον
389 4129 568 4215 ἀδελφεόν,
594 4137 628 4198 et
650 4132 710 4214 frg.
737 4133 790 4200 35.
809 4133 876 4200 6Κ.
907 4134 1000 4217 τήνῳ
1024 4131 1257 4216 κυδάζομαί
1279 4153 1316 4200 ιε
1338 4132 1423 4199 κάπ’
1449 4133 1502 4201 ὥν

220 4236 389 4324 ἠχθόμαν.
438 4239 585 4323 Denique
621 4246 727 4308 exstat
763 4243 849 4325 apud
877 4242 1082 4325 Apollonium
1118 4242 1279 4308 Rhodium
1302 4242 1328 4308 Ι.
1356 4243 1440 4309 1337
1476 4241 1501 4327 ἦ

220 4346 315 4432 μάλα
339 4345 380 4430 δή
404 4369 448 4430 με
470 4352 565 4433 κακῷ
590 4348 821 4418 ἐκυδάσσαο
837 4349 953 4434 μύθῳ,
978 4352 1032 4418 ubi
1056 4351 1231 4418 scholiasta
1254 4352 1390 4418 adnotet
1413 4347 1501 4415 ἐλοι-

222 4454 388 4538 ὀόρησος·
423 4454 528 4540 κύὸος
554 4457 617 4542 γὰρ
646 4457 833 4544 ἀρσενικῶς
861 4457 956 4542 παρὰ
980 4457 1251 4543 Συρακοσίοις
1273 4456 1345 4524 καλ.
1375 4457 1432 4542 (gl.
1458 4459 1502 4525 26
