3232 5176
785 317 1005 382 ..16-

259 496 335 578 quin
351 494 538 560 vocabulum
559 493 600 559 ab
616 493 724 561 Attico
745 512 892 561 sermone
915 495 1055 561 alienum
1075 495 1108 561 in
1125 494 1327 578 tragoediam
1344 496 1532 577 pervenerit

260 622 298 667 ex
322 601 442 668 Ionioo.

785 753 1008 821 APBYAH.

365 889 424 971 Ag.
442 889 506 953 944
524 889 616 973 (908)
641 890 726 954 trim.
750 887 838 954 ὑπαό
859 907 910 970 τις
935 888 1116 973 ἀρβύλας
1139 887 1216 954 λύοι
1239 889 1350 971 τάχος.
1390 887 1451 970 frg.
1470 890 1536 953 959

260 997 345 1062 trim.
370 993 526 1076 εὑδέτοις
549 994 586 1060 ἐν
610 993 820 1079 ἀρβύλαις.

367 1103 463 1185 Soph.
485 1102 546 1185 frg.
565 1103 628 1168 565
653 1111 746 1171 metr.
770 1105 831 1171 ino.
856 1102 1132 1189 καταρβύλοις
1151 1102 1315 1186 χλαίναις,
1341 1102 1379 1171 ol.
1396 1102 1535 1187 Hesych.

261 1227 286 1275 s.
311 1228 339 1275 v.
363 1207 504 1293 καταρβ.
530 1215 562 1275 et
586 1208 735 1294 καδορβ.

366 1316 476 1398 Eurip.
513 1334 610 1399 saepe
646 1319 759 1383 eodem
793 1320 887 1385 modo
920 1319 959 1385 de
990 1318 1193 1384 calciamenti
1221 1335 1354 1400 genere,
1389 1315 1428 1383 oi.
1453 1318 1535 1384 Poll.

262 1423 330 1490 VII.
348 1426 390 1489 86
424 1421 467 1505 ήν
502 1422 539 1490 δέ
577 1444 609 1490 τι
643 1423 807 1508 ὑπόδημα
841 1426 897 1490 καὶ
933 1422 1063 1509 ἀρβύλη
1100 1421 1234 1505 τὺτελὲς
1269 1423 1331 1506 τήν
1366 1424 1536 1506 ἐργασίαν.

261 1531 392 1613 Η1ρρο1.
412 1533 495 1597 1189
520 1533 614 1598 trim:
651 1531 807 1599 αὐταῖσιν
837 1531 1036 1616 ἀρβύλαισιν
1068 1531 1223 1614 ἁρμόσας
1245 1530 1357 1611 πόδας
1391 1551 1411 1597 a
1445 1533 1537 1599 scho-

261 1639 572 1737 liastaffiexplicatur
606 1645 683 1720 ταῖς
717 1643 779 1705 τοὺ
815 1638 967 1724 ἅρματος
995 1641 1072 1722 περὶ
1099 1639 1161 1721 τήν
1190 1636 1326 1720 ἄντυγα,
1362 1637 1450 1704 dado
1474 1638 1537 1721 τήν

264 1745 380 1811 στάσιν
404 1743 469 1828 ἔχει
493 1745 511 1810 ὁ
534 1747 680 1830 ήνίοχος.
717 1747 755 1814 cf.
779 1749 869 1815 Eust.
895 1768 926 1830 p.
945 1750 1020 1814 599.
1039 1750 1091 1830 99,
1115 1747 1179 1812 nisi
1202 1746 1286 1812 forte
1310 1747 1536 1829 interpretaris

251 1867 356 1932 'poam
380 1853 459 1934 ipsis
484 1854 628 1937 caligis‘.
664 1854 821 1937 Lycophr.
837 1855 888 1921 Al.
907 1857 970 1920 839
988 1856 1141 1921 Perseum
1156 1858 1252 1920 vocat
1269 1851 1536 1937 ἀρβνλόπτερον.

369 1960 407 2026 In
430 1962 612 2043 pedestri
636 1962 785 2029 oratione
808 1981 868 2028 vox
893 1968 983 2029 extat
1005 1962 1091 2044 apud
1114 1962 1355 2044 Hippocratem,
1380 1983 1415 2025 π.
1434 1958 1536 2044 ἀρδρ.

265 2064 337 2149 ἐμβ.
364 2069 415 2147 69,
450 2068 583 2133 11914.
605 2070 644 2133 10
669 2070 747 2135 Klw.
786 2067 869 2134 ὅταν
897 2069 935 2135 δὲ
958 2068 994 2149 ἐς
1016 2067 1239 2151 ὑποδήματος
1262 2064 1365 2148 λόγον
1389 2065 1433 2150 λη,
1470 2065 1536 2148 ἀρ-

264 2172 385 2257 βύλαι
409 2174 678 2257 ἐπιτηδειότατοι
702 2177 736 2241 αἱ
758 2175 990 2260 πηλοπύτιδες
1006 2174 1219 2258 καλεόμεναι.
1259 2174 1404 2242 6111101.
1425 2175 1475 2240 10.
1494 2176 1534 2238 93

261 2310 307 2337 --
322 2283 411 2346 55.4
436 2280 557 2366 (Klein)
582 2280 730 2365 ἀρβύλη·
755 2280 847 2364 εἶδος
869 2283 1092 2366 ὑποδήματος
1116 2288 1149 2349 et
1173 2282 1244 2349 Gal.
1268 2283 1328 2348 lex.
1354 2282 1450 2364 Hipp.
1460 2281 1497 2362 ¹).

369 2389 488 2456 Poetae
508 2391 767 2457 Alexandrini
790 2411 899 2458 vocem
923 2399 1058 2474 propter
1081 2392 1249 2456 raritatem
1274 2393 1476 2473 receperunt,
1500 2393 1538 2453 ut

219 2510 221 2515 ·
264 2497 422 2563 Theocrit.
443 2501 471 2563 7.
491 2499 544 2579 96,
568 2498 700 2565 Leonid.
720 2499 791 2565 Tar.
819 2518 868 2581 ep.
887 2501 939 2580 37,
965 2500 1020 2582 qui
1044 2498 1189 2566 scribunt
1213 2495 1363 2580 ἀρβνλλς.

369 2604 406 2670 In
429 2605 564 2688 lingua
590 2607 778 2672 communi
801 2626 865 2672 non
889 2607 1052 2673 invenitur
1078 2626 1138 2672 vox
1162 2624 1266 2689 neque
1292 2605 1325 2669 in
1353 2623 1413 2668 usu
1440 2602 1539 2669 fuisse

263 2710 348 2777 forte
372 2713 450 2778 lieet
475 2731 668 2794 cognoscere
696 2734 736 2780 ex
763 2714 914 2780 Nonnoso
943 2715 975 2779 in
1000 2714 1093 2780 Phot.
1118 2715 1195 2781 bibl.
1220 2714 1250 2793 3,
1275 2731 1307 2793 p.
1326 2711 1378 2776 91)
1397 2712 1451 2775 18:
1488 2706 1540 2774 ὅτι

264 2817 306 2884 τὰ
331 2817 497 2885 σανδάλια
519 2821 594 2885 νννλ
617 2818 783 2903 λεγόμενα
807 2819 958 2905 ἀρβύλας
983 2819 1099 2903 ἔλεγον
1123 2822 1155 2887 ολ
1177 2817 1359 2885 παλαιοί.

370 2928 465 3009 Apud
481 2926 648 3010 Cyprios
672 2949 733 2995 vox
756 2929 891 2995 formam
913 2929 1029 2995 habuit
1052 2926 1198 3011 ὑρμολα,
1224 2928 1261 2994 cf.
1284 2927 1359 2991 Hes.
1386 2922 1539 3007 ἀρμνλα·

264 3031 470 3115 ὑποδήματα
504 3031 660 3117 Κύπριοι.
720 3034 855 3118 ἀρμύλη
892 3037 989 3102 etiam
1023 3036 1074 3101 Et.
1101 3037 1209 3117 Magn.
1239 3035 1311 3099 135.
1340 3036 1378 3098 19
1415 3033 1540 3114 origine

264 3143 352 3208 uocis
376 3161 440 3207 non
465 3143 616 3208 indicata.

371 3251 509 3332 Propter
533 3269 663 3317 sensum
686 3269 855 3317 secernere
871 3271 934 3317 non
951 3252 1027 3317 licet
1044 3248 1211 3333 ἀρβηλον·
1237 3245 1368 3331 σμύλιον
1385 3246 1541 3311 σκύτινον

266 3358 460 3441 περιφερές·
488 3354 559 3423 ἔστι
582 3355 620 3422 δὲ
642 3358 698 3422 καλ
714 3355 822 3423 ὅπλον
847 3378 884 3424 ex
900 3358 951 3423 Et.
969 3357 1076 3440 Magn.
1096 3358 1168 3422 135.
1190 3356 1240 3436 10,
1266 3353 1304 3420 cf.
1323 3353 1433 3435 Gaetu,
1459 3354 1540 3419 thes.

266 3465 364 3546 gloss.
389 3465 511 3531 ernend.
530 3464 578 3548 (0.
598 3465 648 3532 Gl.
666 3465 702 3531 L.
715 3463 789 3551 Vll)
814 3486 839 3532 s.
855 3485 885 3532 v.
902 3466 1018 3546 sicilis;
1040 3464 1129 3528 illam
1145 3481 1255 3527 vocem
1279 3461 1441 3527 Nicander
1458 3461 1540 3526 ther.

267 3572 331 3636 493
356 3572 474 3652 posuit,
500 3573 590 3638 onius
614 3574 797 3654 scholiasta,
821 3574 907 3656 quod
923 3573 945 3654 ή
962 3569 999 3636 δὲ
1023 3567 1156 3653 ἀρβήλη
1181 3570 1227 3634 ait
1251 3568 1322 3632 ἐστὶ
1345 3567 1435 3649 εἶδος
1458 3565 1542 3630 ὑπο-

268 3675 419 3760 δήματος
452 3684 536 3762 παρ’
560 3677 728 3763 Εὐριπίδη
766 3679 802 3745 ἐν
836 3679 970 3763 Ὀρέστῃ
995 3676 1075 3763 (seq.
1097 3699 1126 3744 v.
1154 3675 1241 3760 140),
1277 3676 1541 3758 pronuntiatione

267 3786 396 3851 videtur
420 3787 574 3867 deceptus
599 3805 680 3853 esse.

376 3893 465 3959 Aliae
489 3891 611 3958 formae
634 3894 721 3959 vocis
745 3894 831 3975 apud
855 3892 1080 3975 grammaticos
1103 3893 1291 3958 traduntur:
1315 3892 1392 3957 Hes.
1418 3886 1543 3972 ἀραβὺ-

269 3996 345 4080 λας·
362 3997 568 4082 ὑποδήματα
584 3999 734 4084 διάφορα
750 4002 807 4065 καὶ
820 3998 1011 4085 βαρβαρικά
1027 4001 1110 4085 (cod.
1127 3996 1351 4081 ὑποδήματος
1366 3995 1541 4080 διαφορά),

269 4103 490 4189 καὺάρβολος
502 4104 637 4190 χλανίς·
661 4106 816 4192 ποδήρης
833 4107 899 4189 ἕως
914 4111 985 4173 τῶν
1002 4105 1162 4191 ἀρβνλῶν
1179 4109 1263 4192 (vide
1273 4106 1370 4189 Soph.
1384 4102 1542 4187 frgsos).

375 4214 447 4280 Non
485 4216 629 4282 eiusdem
668 4217 780 4298 stirpis
819 4223 869 4283 est
907 4222 1042 4299 propter
1081 4234 1211 4283 sensum
1249 4215 1345 4297 plane
1383 4213 1543 4278 diversum

376 4410 398 4479 1)
416 4409 501 4465 Plane
520 4411 664 4466 obscurum
683 4413 733 4475 est,
753 4409 826 4481 quod
837 4409 973 4479 Homolls,
992 4410 1063 4466 Bull.
1077 4410 1110 4464 de
1123 4425 1193 4465 corr.
1206 4407 1270 4463 hell.
1284 4407 1325 4464 VI
1342 4403 1434 4476 (1889)
1452 4419 1478 4472 p.
1493 4404 1543 4458 133

270 4515 302 4554 ex
320 4498 434 4554 Deliaca
450 4500 630 4570 inscriptione
648 4500 768 4555 nondum
787 4499 862 4555 edita
879 4500 1009 4570 protulit:

376 4588 514 4661 ἀρβνλικοὶ
532 4587 623 4662 ὀβολοὶ
644 4606 705 4660 „ces
725 4591 862 4645 dernieres
881 4591 971 4647 senlos
990 4589 1094 4646 etaient
1113 4589 1309 4646 certainement
1328 4585 1478 4654 d’argent“.
