3232 5176
747 304 970 372 ..93-

223 487 353 554 oraculo
388 485 530 554 adhibet.
577 486 641 553 Sed
675 486 756 553 haec
780 487 945 569 hactenus,
970 505 1010 553 ne
1033 485 1186 552 abeamus
1209 485 1242 552 in
1266 485 1442 554 incertiora
1467 493 1502 554 ct

221 596 324 677 magis
350 595 544 661 coniecturis
567 612 663 677 quam
686 593 773 659 iusta
796 595 922 660 ratione
946 598 1088 677 experta.
1099 593 1122 676 ¹)
1286 574 1290 579 ’

329 829 419 895 llaec
441 827 612 895 habuimus
642 827 681 893 de
704 826 820 910 priscis
844 827 993 911 Aeschyli
1019 828 1135 895 Atticis
1166 828 1310 910 vocibus,
1341 847 1424 911 quae
1453 828 1502 892 di-

223 953 376 1002 ceremus.
423 936 536 1018 Neque
565 935 663 1001 etiam
693 933 789 998 aliter
824 934 884 1001 hoc
908 936 1044 1002 alterum
1082 942 1180 1019 caput
1208 937 1399 1002 concludere
1424 935 1503 1001 licet

221 1048 319 1126 atque
343 1045 503 1126 superius,
528 1061 598 1107 cum
624 1042 767 1108 dicamus
791 1042 885 1117 idem,
910 1046 995 1126 quod
1019 1044 1059 1110 de
1075 1045 1190 1126 viginti
1216 1046 1346 1111 vocibus
1369 1045 1503 1110 demon-

221 1155 359 1216 stratum
384 1151 436 1233 sit,
460 1151 570 1216 valane
595 1150 635 1215 de
652 1155 791 1230 centum,
815 1157 852 1215 ut
875 1152 1087 1234 intelligatur,
1113 1157 1192 1234 quot
1215 1171 1327 1218 revera
1343 1150 1503 1219 vocabula

221 1265 254 1325 et
277 1259 386 1325 Attica
409 1264 442 1325 et
465 1258 575 1324 Ionica
598 1263 730 1340 praeter
753 1256 880 1341 reliqua
904 1259 973 1325 eius
997 1259 1157 1326 elementa
1181 1296 1223 1308 —
1248 1260 1319 1326 dico
1351 1260 1444 1342 epica
1468 1265 1504 1325 et

221 1367 291 1432 sim.
333 1403 371 1414 -
415 1367 517 1432 insint
555 1365 587 1430 in
627 1383 775 1430 sermone
814 1367 950 1447 tragico.
1011 1367 1055 1432 At
1092 1384 1134 1433 ne
1179 1369 1251 1450 quis
1289 1366 1503 1431 dialectornm

221 1475 443 1557 quaestionem
472 1473 647 1539 confundat
675 1490 746 1539 cum
775 1473 959 1540 litterarum
988 1473 1185 1540 Graecarum
1215 1474 1503 1548 vicissitudinibus,

221 1582 254 1647 id
270 1581 479 1647 statuendum
503 1587 562 1658 est,
586 1598 644 1646 nos
660 1581 826 1663 quaesisse
843 1584 968 1646 tantum
994 1581 1034 1646 de
1050 1581 1175 1664 origine
1191 1581 1308 1663 tragici
1332 1580 1504 1662 sermonis,

222 1708 285 1754 non
310 1690 349 1755 de
374 1689 559 1756 evolutione
583 1687 663 1754 eius.
712 1691 817 1771 Atque
841 1687 1018 1771 Aeschylus
1042 1688 1171 1771 quidem
1195 1689 1237 1754 ad
1262 1689 1403 1770 origines
1427 1687 1504 1753 illas

222 1798 303 1863 satis
326 1816 429 1878 prope
453 1796 588 1879 accedit,
622 1803 659 1861 ut
681 1795 780 1863 liceat
813 1797 899 1877 apud
927 1795 1018 1860 illum
1048 1814 1158 1861 vocem
1187 1795 1330 1863 Ionicum
1359 1795 1504 1861 Ionicam

222 1923 336 1971 vocare
361 1912 394 1970 et
416 1905 558 1970 Atticam
582 1904 742 1983 Atticam3
777 1902 976 1985 posteriores
1012 1907 1121 1970 autem
1152 1903 1270 1986 tragici
1293 1908 1411 1985 poetae
1436 1919 1506 1967 ser-

221 2030 315 2078 mone
339 2012 463 2094 tragico
488 2013 537 2078 usi
561 2018 636 2077 sunt
659 2011 752 2093 quasi
776 2011 904 2093 poetica
927 2010 1039 2093 lingua
1063 2015 1174 2078 creata
1197 2011 1238 2075 ad
1263 2009 1505 2092 componendas

221 2120 418 2202 tragoedias,
453 2120 539 2186 unde
574 2119 814 2186 demonstratur
848 2118 964 2184 mirum
999 2119 1033 2185 in
1068 2118 1197 2185 modum
1233 2136 1272 2182 en
1305 2116 1405 2183 variis
1436 2115 1505 2182 illis

224 2227 393 2294 elementis
416 2226 567 2293 unionem
590 2227 751 2309 quandam
775 2226 943 2295 coaluisse.

336 2421 356 2490 ¹)
376 2420 407 2478 Ε.
420 2436 460 2490 gr.
475 2421 551 2476 verbi
570 2411 673 2476 ἀντιόω
691 2421 858 2476 mentionem
869 2420 994 2488 facimus,
1013 2419 1087 2491 quod
1104 2418 1208 2490 legitur
1220 2418 1319 2476 Aesch.
1340 2417 1436 2490 Snppl.
1450 2421 1504 2476 389

222 2512 299 2582 (374)
316 2511 398 2580 trim,
419 2511 500 2566 etiam
519 2510 592 2581 apud
611 2509 781 2565 Herodotum
799 2526 930 2581 persaepe
949 2508 1025 2564 velut
1043 2509 1066 2565 1.
1086 2511 1130 2579 76,
1154 2511 1215 2573 207,
1238 2507 1286 2564 lV.
1308 2513 1331 2576 1,
1350 2512 1376 2578 3,
1398 2511 1449 2565 126
1460 2509 1507 2579 al.,

225 2602 252 2655 et
281 2600 354 2669 apud
373 2599 493 2655 Aeneam
518 2603 586 2655 tact.
605 2602 648 2656 32.
666 2603 706 2662 ll,
725 2601 768 2655 36.
784 2604 808 2667 l,
825 2602 867 2656 37.
882 2602 906 2665 8,
936 2615 997 2653 curn
1020 2597 1154 2653 Homerus
1183 2597 1259 2652 dicat
1277 2595 1387 2666 ἀντιάω,
1414 2599 1508 2653 Attici

223 2692 315 2743 sutem
338 2690 486 2758 scriptores
515 2689 650 2757 ἐναντιόω,
678 2688 751 2759 quod
771 2689 949 2758 compositum
967 2703 1023 2742 non
1043 2684 1307 2754 accersiendo,
1336 2688 1385 2741 sed
1404 2687 1439 2741 ab
1460 2688 1508 2742 ad·

223 2777 324 2834 iectivo
341 2781 460 2840 ἐναντίος
477 2777 590 2833 ductum
608 2781 659 2846 est,
686 2782 718 2832 ut
736 2778 770 2832 ab
790 2778 927 2834 adiectivo
950 2777 1042 2838 ἀντίος
1060 2775 1169 2831 ‹tresdo›
1193 2780 1221 2830 et
1240 2777 1346 2843 ἀντιόω,
1371 2776 1445 2831 unde
1465 2793 1509 2832 se·

223 2869 326 2938 quitur,
354 2872 385 2921 ut
409 2862 510 2924 ἀντιόω
534 2885 589 2924 non
612 2869 672 2922 sine
691 2869 749 2922 veri
769 2867 885 2938 quadam
910 2867 1003 2938 specie
1025 2867 1099 2922 inter
1122 2865 1206 2920 verba
1230 2866 1325 2920 Ionica
1351 2866 1509 2935 putandum

223 2956 268 3012 sit.
319 2955 348 3010 Si
375 2961 467 3012 antem
499 2957 613 3029 simplex
646 2958 792 3028 compositi
824 2957 902 3012 verbi
936 2951 1078 3013 ἐν-ανιιόω
1112 2955 1259 3023 iudicares,
1293 2955 1368 3009 inter
1396 2955 1509 3010 Atticas

223 3062 305 3100 voces
325 3063 449 3116 poneres.
