3232 5176
701 330 919 395 ..79-

173 510 303 592 quidem
319 508 589 590 significationem
607 510 693 592 apud
709 508 887 593 quemlibet
903 508 1093 590 scriptorem
1113 507 1272 574 Graecum
1287 508 1379 592 legio,
1398 508 1455 574 illo

172 625 282 684 autem
307 618 507 684 solummodo
532 619 617 701 apud
641 618 836 684 vetustiores
861 622 991 684 servata
1015 623 1074 682 est.

279 727 454 808 Repreitur
492 727 579 807 apud
616 732 731 809 poetas
778 727 851 790 inde
892 725 932 790 ab
968 725 1109 791 Hesiodo
1143 745 1217 808 opp.
1243 727 1307 790 306
1343 727 1453 810 κηφή-

171 853 265 898 νεσσι
288 831 476 915 κούούροις
509 830 640 914 εἴκελος
669 832 783 915 ὀργήν,
820 833 916 899 simil.
941 833 971 900 h.
998 832 1069 900 Cer.
1096 834 1170 914 205,
1209 833 1349 916 Theogn.
1376 835 1451 914 312,

172 942 248 1021 964,
274 941 364 1006 Pind.
382 942 475 1027 Pyth.
501 942 524 1006 l.
551 944 604 1026 89,
627 941 682 1006 IX.
709 942 751 1005 43
769 959 868 1024 saep,
893 940 1042 1024 Bacchyl.
1059 939 1120 1022 lrg.
1145 941 1252 1008 34131.
1301 941 1453 1006 Necnon

171 1049 288 1130 tragici
323 1054 439 1132 poetae
476 1069 545 1116 eam
571 1050 723 1116 exhibent
757 1050 846 1116 velut
881 1048 995 1116 Acsch.
1020 1048 1133 1131 Suppl.
1161 1051 1224 1114 763
1251 1047 1341 1135 (729)
1365 1051 1453 1115 trim.

172 1155 383 1221 decolorare
410 1155 600 1222 κνωδάλων
629 1155 770 1240 ἔχοντος
794 1155 907 1237 ὀργάς,
933 1157 1032 1224 schol.
1056 1156 1119 1240 τὴν
1142 1154 1243 1240 βίον,
1279 1157 1385 1223 Prom.
1410 1159 1453 1222 80

172 1264 257 1330 trim.
284 1261 386 1347 ὀργῆς
409 1281 446 1328 τε
469 1263 673 1345 τραχύτητα,
704 1264 798 1330 simil.
824 1263 922 1345 Soph.
947 1263 997 1328 Αἱ.
1023 1264 1087 1328 640
1113 1263 1211 1346 chor,
1243 1266 1328 1330 1153
1353 1265 1453 1346 trim.,

172 1375 247 1439 Ant.
277 1374 341 1437 956
366 1372 464 1452 chon,
489 1371 601 1453 Eurip.
627 1372 698 1439 Tro.
726 1371 766 1436 53
791 1373 877 1438 trim.

277 1481 370 1545 Hanc
386 1477 655 1561 significationem
672 1479 759 1562 apud
774 1479 869 1547 Iones
895 1481 992 1546 etiam
1017 1480 1049 1544 in
1066 1499 1164 1563 prosa
1181 1480 1328 1546 oratioue
1344 1480 1453 1546 valere

173 1587 406 1654 demonstravit
433 1588 592 1654 Dienarus
627 1588 707 1654 locis
741 1589 900 1654 Herodoti
934 1588 1092 1669 111.131‚
1128 1585 1454 1672 σατρί...ὀρχὴν

168 1693 320 1779 χαλεπῷ,
356 1696 410 1762 VI.
438 1697 511 1777 128,
536 1695 561 1761 Ι.
588 1696 680 1783 73(’ί)
708 1702 742 1761 et
764 1697 972 1779 Hippocratis
996 1718 1033 1764 ιι.
1059 1695 1129 1779 ἀερ.
1153 1694 1205 1762 ύδ.
1230 1714 1308 1761 τοκ.
1335 1699 1386 1777 16,
1412 1698 1454 1760 24

171 1803 194 1868 Ι.
221 1804 272 1868 58.
293 1807 322 1885 7,
350 1805 449 1883 701,
474 1806 563 1868 71.2
587 1805 668 1871 Klu.
694 1805 747 1886 al,
772 1803 810 1871 cl.
836 1806 925 1871 Erot.
961 1826 992 1888 p.
1020 1808 1086 1871 6.9
1124 1802 1253 1887 ὀργὰς
1286 1801 1348 1886 γὰρ
1373 1801 1455 1883 τούς

171 1910 353 1992 τρόπους
376 1909 522 1976 ἐκάλουν
546 1911 578 1976 οί
602 1909 737 1995 ἀρχαῖοι
759 1911 831 1977 κτλ.
877 1913 999 1979 Verum
1016 1914 1113 1978 etiarn
1138 1913 1224 1993 apud
1239 1910 1454 1977 Athenienses

172 2037 242 2083 cum
259 2018 460 2101 Tuucydides
484 2019 510 2084 1.
538 2020 600 2083 130
625 2023 667 2102 τῇ
692 2017 789 2102 ὀργῇ
815 2016 907 2084 οὕτω
928 2018 1062 2102 χαλεπῇ
1088 2017 1220 2102 ἔχρητο,
1243 2018 1300 2083 lll.
1327 2020 1368 2083 82
1393 2016 1455 2098 τὰς

172 2123 272 2208 ὀργὰ
283 2147 300 2206 ς
311 2130 382 2191 τῶν
394 2123 536 2191 πολλῶν
548 2129 637 2193 velut
649 2130 745 2209 paulo
759 2133 834 2193 aute
852 2128 987 2209 dixerat,
1003 2127 1104 2211 φύσις
1120 2124 1171 2212 (οἱ.
1185 2125 1273 2192 Suid.
1291 2145 1351 2191 su.
1371 2123 1453 2208 ὀρχῇ

171 2230 267 2315 παρὰ
291 2230 482 2317 Θουκυδίδῃ
508 2232 584 2300 ἀντὶ
606 2237 668 2299 τού
697 2232 832 2317 διανοίᾳ
854 2235 974 2318 τρόπῳ
1001 2237 1142 2317 σκοιιῷ),
1179 2241 1248 2300 tum
1287 2233 1453 2316 Aristoph.

171 2358 242 2422 equ.
269 2343 309 2404 41
336 2342 421 2409 trim.
449 2338 606 2424 ἄγροικος
636 2341 770 2425 ὀργήν,
801 2343 896 2409 Plato
920 2344 1018 2427 Legg.
1044 2344 1083 2409 X.
1110 2342 1208 2407 90810
1238 2338 1319 2406 ἄνευ
1347 2344 1455 2424 κακῆς

172 2445 292 2532 ὀργῆς
326 2466 362 2513 τε
397 2449 454 2514 καὶ
487 2446 608 2531 ι’(ύους,
643 2450 793 2516 Aeschiu.
825 2453 935 2516 2179
972 2451 1150 2533 γυναικείῳ
1187 2447 1367 2533 ἀνύρώιιῳ
1391 2446 1455 2530 τὴν

171 2553 275 2639 ὀργήν
301 2557 437 2623 eundem
462 2566 560 2640 atque
585 2559 701 2640 tragici
725 2564 842 2641 poetae
878 2579 1008 2626 sensum
1037 2563 1283 2640 usurpaverunt.
1332 2557 1454 2635 Quibus

172 2663 276 2731 causis
301 2671 478 2731 commotus
502 2667 565 2732 iam
581 2667 742 2734 Dienarus
766 2668 897 2751 negarit
920 2668 1005 2733 hunc
1029 2685 1122 2732 usum
1147 2667 1210 2746 „ad
1228 2665 1354 2731 dicendi
1380 2683 1454 2731 con·

168 2773 371 2840 suetudinem
388 2774 501 2840 Ionum
524 2775 691 2857 propriam
715 2775 782 2842 sive
808 2775 854 2843 eis
871 2774 1028 2858 imprimis
1050 2772 1267 2840 familiarem‘
1291 2773 1454 2838 recedere.

696 3040 925 3110 ΣΥΜΦΟΡΑ.

275 3221 385 3286 Tertio
408 3222 480 3287 loco
496 3219 651 3288 afferatur
667 3241 784 3288 nomen
807 3220 1020 3305 ἡσυμφορά,
1044 3220 1130 3302 quod
1154 3220 1240 3300 apud
1255 3219 1451 3285 vetustiores

166 3329 344 3411 scriptores
368 3331 502 3394 notione
537 3329 643 3395 media
668 3330 708 3396 de
733 3348 780 3409 eo,
819 3329 903 3412 quod
927 3328 1055 3407 accidit,
1080 3327 1221 3408 ponitur,
1246 3345 1320 3391 mox
1343 3332 1452 3391 autem

166 3435 198 3501 in
222 3436 340 3502 malam
368 3443 496 3519 partem
519 3437 689 3503 dorcrsum
705 3439 945 3519 inexpectatum
969 3439 1128 3516 eventum,
1155 3435 1371 3500 calamitatem
1387 3434 1452 3516 sig·

167 3541 288 3624 nificat,
314 3543 354 3611 ci.
380 3544 514 3610 Dieneri
538 3564 569 3626 p.
597 3547 648 3612 14.
696 3543 831 3612 Omissis
855 3545 922 3609 illis
945 3543 1035 3624 locis,
1072 3543 1128 3609 ubi
1159 3542 1278 3607 malum
1302 3548 1451 3608 eventurn

167 3649 338 3734 significat,
364 3670 433 3731 vox,
460 3653 547 3718 velut
571 3651 752 3718 Simonides
777 3652 858 3718 dixit
881 3650 942 3732 frg.
969 3652 1010 3714 14
1033 3653 1112 3714 ιιῖνε
1141 3648 1213 3713 πῖν’
1241 3647 1297 3713 ἐστὶ
1320 3666 1452 3731 συμφο-

167 3762 244 3840 ραῖς
267 3775 310 3824 sc.
337 3755 479 3839 ἐσύλοῖς
502 3757 614 3845 (schol.
635 3762 689 3825 Ar.
715 3778 787 3843 equ.
812 3757 903 3844 406),
928 3759 1015 3842 apud
1030 3757 1172 3840 tragicos
1189 3762 1303 3840 poetas
1320 3756 1452 3822 notione

166 3865 274 3929 media
298 3873 474 3947 usurpatur
498 3868 548 3932 his
572 3868 666 3933 locis:
691 3856 817 3934 Aesch.'
832 3869 891 3948 Ag.
918 3868 959 3930 24
984 3865 1070 3931 trim.
1100 3861 1203 3948 τῆσδε
1228 3865 1452 3947 συμφορᾶς

163 3969 273 4053 χάριν,
299 3970 441 4055 Ohoeph.
470 3975 554 4038 1064
573 3975 687 4058 (1061)
705 3976 791 4040 trim.
809 3975 967 4056 carpimur
985 3975 1229 4055 συμφοραῖς,
1254 3970 1346 4035 Eum.
1366 3971 1448 4034 1031

167 4077 279 4163 (1009)
304 4079 389 4146 trim.
415 4077 609 4163 εύάνδροισι
633 4086 877 4164 συμφοραῖς.
923 4081 990 4147 Nec
1014 4081 1110 4145 aliter
1131 4078 1377 4160 intelligendum
1393 4083 1452 4145 *est

166 4185 245 4251 illud
268 4186 363 4251 Eum.
390 4189 452 4252 897
479 4188 573 4272 (879)
591 4189 677 4254 trim.
703 4191 754 4270 τῷ
770 4185 833 4271 γὰρ
851 4185 985 4270 σέβοντι
1008 4183 1228 4270 συμφορὰς
1244 4182 1451 4269 ὀρύώσομεν

166 4300 199 4358 et
226 4296 309 4359 1021
337 4295 428 4378 (998)
454 4296 541 4362 chor.
574 4293 855 4378 σύννμέμφεσύε
879 4293 1100 4377 συμφορὰς
1122 4291 1210 4376 βίον.
1258 4294 1340 4359 Item
1364 4294 1451 4376 apud

166 4398 356 4482 Sophoclem
390 4403 552 4486 συμφορά
583 4411 642 4485 est,
681 4403 992 4486 quidquidgcritur
1023 4400 1101 4468 Oed.
1131 4407 1192 4484 tyr.
1218 4401 1270 4484 33,
1295 4403 1348 4484 44,
1374 4404 1449 4481 515,

167 4505 243 4574 Οεδ.
269 4506 336 4574 Col.
364 4511 460 4593 1014,
485 4510 533 4575 El.
557 4513 653 4586 1448,
679 4511 792 4577 Trach.
821 4511 906 4575 1135
930 4510 964 4576 in
981 4510 1145 4585 diverbiis‚
1171 4508 1250 4577 Oed.
1269 4508 1337 4576 Ool.
1364 4509 1449 4573 1470

166 4613 197 4680 in
222 4617 358 4699 cantico,
382 4617 505 4685 laetum
529 4638 605 4686 vero
630 4625 781 4686 eventum
806 4618 928 4685 indicat
951 4618 1000 4686 El.
1028 4617 1113 4684 1230
1137 4617 1224 4684 trim.
1249 4615 1333 4682 κακί
1357 4634 1450 4700 συμ-
