<?xml version="1.0" encoding="UTF-8"?>
<!DOCTYPE html PUBLIC "-//W3C//DTD XHTML 1.0 Transitional//EN"
    "http://www.w3.org/TR/xhtml1/DTD/xhtml1-transitional.dtd">
<html xmlns="http://www.w3.org/1999/xhtml" xml:lang="en" lang="en">
 <head>
  <title>
</title>
<meta http-equiv="Content-Type" content="text/html;charset=utf-8" />
  <meta name='ocr-system' content='tesseract 3.04.00' />
  <meta name='ocr-capabilities' content='ocr_page ocr_carea ocr_par ocr_line ocrx_word'/>
</head>
<body>
  <div class='ocr_page' id='page_1' title='image "./deaeschylicopia01alygoog_0082.png"; bbox 0 0 3232 5176; ppageno 0'>
   <div class='ocr_carea' id='block_1_1' title="bbox 702 326 925 390">
    <p class='ocr_par' dir='ltr' id='par_1_1' title="bbox 702 326 925 390">
     <span class='ocr_line' id='line_1_1' title="bbox 702 326 925 390; baseline -0.009 -15"><span class='ocrx_word' id='word_1_1' title='bbox 702 326 925 390; x_wconf 66' lang='lat'>..67-</span> 
     </span>
    </p>
   </div>
   <div class='ocr_carea' id='block_1_2' title="bbox 165 502 1466 4257">
    <p class='ocr_par' dir='ltr' id='par_1_2' title="bbox 168 502 1466 3392">
     <span class='ocr_line' id='line_1_2' title="bbox 173 502 1454 588; baseline 0.002 -19"><span class='ocrx_word' id='word_1_2' title='bbox 173 502 380 587; x_wconf 82' lang='grc' dir='ltr'><strong><em>καταβαρύς,</em></strong></span> <span class='ocrx_word' id='word_1_3' title='bbox 404 503 618 583; x_wconf 82' lang='grc' dir='ltr'><strong><em>κατάμεστσς</em></strong></span> <span class='ocrx_word' id='word_1_4' title='bbox 641 505 830 570; x_wconf 90' lang='lat' dir='ltr'>vertendum</span> <span class='ocrx_word' id='word_1_5' title='bbox 856 505 899 570; x_wconf 87' lang='lat' dir='ltr'>sit</span> <span class='ocrx_word' id='word_1_6' title='bbox 916 504 1031 582; x_wconf 87' lang='lat' dir='ltr'>„valde</span> <span class='ocrx_word' id='word_1_7' title='bbox 1060 505 1179 570; x_wconf 86' lang='lat' dir='ltr'>altus“.</span> <span class='ocrx_word' id='word_1_8' title='bbox 1227 504 1454 588; x_wconf 83' lang='lat' dir='ltr'><strong>Aristophanis</strong></span> 
     </span>
     <span class='ocr_line' id='line_1_3' title="bbox 174 609 1455 696; baseline 0.001 -19"><span class='ocrx_word' id='word_1_9' title='bbox 174 618 283 677; x_wconf 81' lang='lat' dir='ltr'>autem</span> <span class='ocrx_word' id='word_1_10' title='bbox 310 611 372 676; x_wconf 88' lang='lat' dir='ltr'>loci</span> <span class='ocrx_word' id='word_1_11' title='bbox 402 611 439 674; x_wconf 91' lang='lat' dir='ltr'>hi</span> <span class='ocrx_word' id='word_1_12' title='bbox 460 616 543 689; x_wconf 85' lang='lat' dir='ltr'>sunt,</span> <span class='ocrx_word' id='word_1_13' title='bbox 580 612 664 677; x_wconf 90' lang='lat' dir='ltr'>alter</span> <span class='ocrx_word' id='word_1_14' title='bbox 688 611 764 679; x_wconf 87' lang='lat' dir='ltr'>Ach.</span> <span class='ocrx_word' id='word_1_15' title='bbox 792 614 856 676; x_wconf 84' lang='grc'>544</span> <span class='ocrx_word' id='word_1_16' title='bbox 892 613 978 678; x_wconf 88' lang='lat' dir='ltr'>trim.</span> <span class='ocrx_word' id='word_1_17' title='bbox 1015 610 1194 696; x_wconf 81' lang='grc' dir='ltr'><strong><em>ῆσολλσῦ</em></strong></span> <span class='ocrx_word' id='word_1_18' title='bbox 1229 634 1265 695; x_wconf 79' lang='grc' dir='ltr'>γε</span> <span class='ocrx_word' id='word_1_19' title='bbox 1300 609 1362 677; x_wconf 78' lang='grc' dir='ltr'><em>δεῖ·</em></span> <span class='ocrx_word' id='word_1_20' title='bbox 1398 615 1455 678; x_wconf 79' lang='grc' dir='ltr'>καὶ</span> 
     </span>
     <span class='ocr_line' id='line_1_4' title="bbox 172 715 1456 804; baseline 0.001 -20"><span class='ocrx_word' id='word_1_21' title='bbox 172 719 282 802; x_wconf 83' lang='grc' dir='ltr'><strong><em>κάρτα</em></strong></span> <span class='ocrx_word' id='word_1_22' title='bbox 304 719 397 801; x_wconf 84' lang='grc' dir='ltr'><strong><em>μέντ’</em></strong></span> <span class='ocrx_word' id='word_1_23' title='bbox 423 715 465 783; x_wconf 86' lang='grc' dir='ltr'>ἂν</span> <span class='ocrx_word' id='word_1_24' title='bbox 489 716 623 800; x_wconf 70' lang='grc' dir='ltr'><strong><em>εὐθέως</em></strong></span> <span class='ocrx_word' id='word_1_25' title='bbox 643 718 848 785; x_wconf 67' lang='lat' dir='ltr'>nausearum</span> <span class='ocrx_word' id='word_1_26' title='bbox 863 721 1060 804; x_wconf 76' lang='grc' dir='ltr'><strong><em>τριακοσίας</em></strong></span> <span class='ocrx_word' id='word_1_27' title='bbox 1082 724 1177 803; x_wconf 83' lang='grc' dir='ltr'><strong><em>ναῦς.</em></strong></span> <span class='ocrx_word' id='word_1_28' title='bbox 1226 721 1326 787; x_wconf 85' lang='lat' dir='ltr'>Totus</span> <span class='ocrx_word' id='word_1_29' title='bbox 1341 739 1456 786; x_wconf 89' lang='lat' dir='ltr'>revera</span> 
     </span>
     <span class='ocr_line' id='line_1_5' title="bbox 172 826 1455 912; baseline 0.002 -22"><span class='ocrx_word' id='word_1_30' title='bbox 172 826 272 908; x_wconf 87' lang='lat' dir='ltr'>loeus,</span> <span class='ocrx_word' id='word_1_31' title='bbox 297 832 333 892; x_wconf 91' lang='lat' dir='ltr'>ut</span> <span class='ocrx_word' id='word_1_32' title='bbox 357 826 478 891; x_wconf 88' lang='lat' dir='ltr'>scholio</span> <span class='ocrx_word' id='word_1_33' title='bbox 503 826 664 912; x_wconf 91' lang='lat' dir='ltr'>docemur,</span> <span class='ocrx_word' id='word_1_34' title='bbox 689 829 720 892; x_wconf 91' lang='lat' dir='ltr'>in</span> <span class='ocrx_word' id='word_1_35' title='bbox 748 828 992 894; x_wconf 85' lang='lat' dir='ltr'>similitudinem</span> <span class='ocrx_word' id='word_1_36' title='bbox 1011 829 1144 911; x_wconf 81' lang='lat' dir='ltr'>Telephi</span> <span class='ocrx_word' id='word_1_37' title='bbox 1167 828 1333 911; x_wconf 84' lang='lat' dir='ltr'>Euripidis</span> <span class='ocrx_word' id='word_1_38' title='bbox 1349 827 1455 895; x_wconf 84' lang='lat' dir='ltr'>factus</span> 
     </span>
     <span class='ocr_line' id='line_1_6' title="bbox 173 934 1455 1019; baseline 0.001 -19"><span class='ocrx_word' id='word_1_39' title='bbox 173 939 232 1015; x_wconf 90' lang='lat' dir='ltr'>est,</span> <span class='ocrx_word' id='word_1_40' title='bbox 257 935 343 1000; x_wconf 91' lang='lat' dir='ltr'>undo</span> <span class='ocrx_word' id='word_1_41' title='bbox 367 934 524 1000; x_wconf 77' lang='lat' dir='ltr'>conclusit</span> <span class='ocrx_word' id='word_1_42' title='bbox 551 935 800 1003; x_wconf 89' lang='lat' dir='ltr'>Rutherfordius</span> <span class='ocrx_word' id='word_1_43' title='bbox 823 937 1010 1003; x_wconf 83' lang='lat' dir='ltr'>adverbium</span> <span class='ocrx_word' id='word_1_44' title='bbox 1028 956 1155 1019; x_wconf 88' lang='lat' dir='ltr'>quoque</span> <span class='ocrx_word' id='word_1_45' title='bbox 1171 937 1281 1019; x_wconf 84' lang='grc' dir='ltr'><strong><em>κάρτα</em></strong></span> <span class='ocrx_word' id='word_1_46' title='bbox 1303 936 1455 1002; x_wconf 89' lang='lat' dir='ltr'>haustum</span> 
     </span>
     <span class='ocr_line' id='line_1_7' title="bbox 173 1043 1454 1127; baseline 0.004 -21"><span class='ocrx_word' id='word_1_47' title='bbox 173 1061 244 1108; x_wconf 89' lang='lat' dir='ltr'>esse</span> <span class='ocrx_word' id='word_1_48' title='bbox 269 1062 308 1108; x_wconf 85' lang='lat' dir='ltr'>ex</span> <span class='ocrx_word' id='word_1_49' title='bbox 332 1060 479 1108; x_wconf 82' lang='lat' dir='ltr'>sermone</span> <span class='ocrx_word' id='word_1_50' title='bbox 496 1043 631 1125; x_wconf 83' lang='lat' dir='ltr'>tragico.</span> <span class='ocrx_word' id='word_1_51' title='bbox 678 1045 721 1109; x_wconf 83' lang='lat' dir='ltr'>Et</span> <span class='ocrx_word' id='word_1_52' title='bbox 743 1044 777 1110; x_wconf 94' lang='lat' dir='ltr'>id</span> <span class='ocrx_word' id='word_1_53' title='bbox 793 1045 921 1127; x_wconf 91' lang='lat' dir='ltr'>quidem</span> <span class='ocrx_word' id='word_1_54' title='bbox 938 1049 1032 1111; x_wconf 87' lang='lat' dir='ltr'>acute</span> <span class='ocrx_word' id='word_1_55' title='bbox 1049 1045 1218 1125; x_wconf 90' lang='lat' dir='ltr'>iudicavit;</span> <span class='ocrx_word' id='word_1_56' title='bbox 1244 1044 1329 1110; x_wconf 90' lang='lat' dir='ltr'>alter</span> <span class='ocrx_word' id='word_1_57' title='bbox 1346 1049 1454 1111; x_wconf 87' lang='lat' dir='ltr'>autem</span> 
     </span>
     <span class='ocr_line' id='line_1_8' title="bbox 172 1149 1456 1235; baseline 0.003 -22"><span class='ocrx_word' id='word_1_58' title='bbox 172 1149 261 1216; x_wconf 90' lang='lat' dir='ltr'>locus</span> <span class='ocrx_word' id='word_1_59' title='bbox 286 1151 356 1215; x_wconf 90' lang='lat' dir='ltr'>viro</span> <span class='ocrx_word' id='word_1_60' title='bbox 381 1150 430 1215; x_wconf 91' lang='lat' dir='ltr'>illi</span> <span class='ocrx_word' id='word_1_61' title='bbox 455 1151 640 1217; x_wconf 88' lang='lat' dir='ltr'>doctissimo</span> <span class='ocrx_word' id='word_1_62' title='bbox 666 1169 761 1218; x_wconf 90' lang='lat' dir='ltr'>ansas</span> <span class='ocrx_word' id='word_1_63' title='bbox 786 1171 849 1218; x_wconf 90' lang='lat' dir='ltr'>non</span> <span class='ocrx_word' id='word_1_64' title='bbox 874 1152 973 1235; x_wconf 91' lang='lat' dir='ltr'>dedit,</span> <span class='ocrx_word' id='word_1_65' title='bbox 998 1171 1054 1218; x_wconf 89' lang='lat' dir='ltr'>cur</span> <span class='ocrx_word' id='word_1_66' title='bbox 1081 1171 1145 1219; x_wconf 89' lang='lat' dir='ltr'>non</span> <span class='ocrx_word' id='word_1_67' title='bbox 1170 1152 1298 1218; x_wconf 87' lang='lat' dir='ltr'>Atticae</span> <span class='ocrx_word' id='word_1_68' title='bbox 1322 1170 1456 1217; x_wconf 91' lang='lat' dir='ltr'>consue·</span> 
     </span>
     <span class='ocr_line' id='line_1_9' title="bbox 171 1256 1455 1342; baseline 0.001 -20"><span class='ocrx_word' id='word_1_69' title='bbox 171 1257 293 1323; x_wconf 89' lang='lat' dir='ltr'>tudinis</span> <span class='ocrx_word' id='word_1_70' title='bbox 329 1258 423 1323; x_wconf 89' lang='lat' dir='ltr'>testis</span> <span class='ocrx_word' id='word_1_71' title='bbox 460 1263 546 1324; x_wconf 88' lang='lat' dir='ltr'>esset</span> <span class='ocrx_word' id='word_1_72' title='bbox 582 1277 630 1323; x_wconf 91' lang='lat' dir='ltr'>av.</span> <span class='ocrx_word' id='word_1_73' title='bbox 656 1260 720 1323; x_wconf 85' lang='grc'>342</span> <span class='ocrx_word' id='word_1_74' title='bbox 752 1260 855 1326; x_wconf 89' lang='lat' dir='ltr'>troch.</span> <span class='ocrx_word' id='word_1_75' title='bbox 893 1259 967 1325; x_wconf 91' lang='lat' dir='ltr'>dial.</span> <span class='ocrx_word' id='word_1_76' title='bbox 1004 1263 1107 1326; x_wconf 87' lang='grc' dir='ltr'><strong><em>ταῦτα</em></strong></span> <span class='ocrx_word' id='word_1_77' title='bbox 1130 1258 1194 1342; x_wconf 82' lang='grc' dir='ltr'>μὲν</span> <span class='ocrx_word' id='word_1_78' title='bbox 1222 1256 1339 1341; x_wconf 81' lang='grc' dir='ltr'><em>ληρεῖς</em></span> <span class='ocrx_word' id='word_1_79' title='bbox 1366 1256 1455 1341; x_wconf 77' lang='grc' dir='ltr'><strong><em>ἔχων</em></strong></span> 
     </span>
     <span class='ocr_line' id='line_1_10' title="bbox 171 1363 1454 1452; baseline 0.001 -22"><span class='ocrx_word' id='word_1_80' title='bbox 171 1365 291 1449; x_wconf 83' lang='grc' dir='ltr'><strong><em>κάρτα·</em></strong></span> <span class='ocrx_word' id='word_1_81' title='bbox 321 1369 398 1445; x_wconf 81' lang='grc' dir='ltr'>πῶς</span> <span class='ocrx_word' id='word_1_82' title='bbox 425 1363 569 1431; x_wconf 75' lang='lat' dir='ltr'>nicensi</span> <span class='ocrx_word' id='word_1_83' title='bbox 595 1366 668 1449; x_wconf 81' lang='grc' dir='ltr'><em>γάρ,</em></span> <span class='ocrx_word' id='word_1_84' title='bbox 704 1365 748 1449; x_wconf 84' lang='grc' dir='ltr'>ἢν</span> <span class='ocrx_word' id='word_1_85' title='bbox 772 1364 867 1449; x_wconf 78' lang='grc' dir='ltr'><strong><em>ἅπαξ</em></strong></span> <span class='ocrx_word' id='word_1_86' title='bbox 897 1387 934 1449; x_wconf 80' lang='grc' dir='ltr'>γε</span> <span class='ocrx_word' id='word_1_87' title='bbox 956 1364 1165 1450; x_wconf 67' lang='grc' dir='ltr'><strong><em>τώφθαλμὼ</em></strong></span> <span class='ocrx_word' id='word_1_88' title='bbox 1206 1364 1361 1452; x_wconf 71' lang='grc' dir='ltr'><strong><em>’κκαπῇςέ</em></strong></span> <span class='ocrx_word' id='word_1_89' title='bbox 1398 1369 1454 1434; x_wconf 88' lang='lat' dir='ltr'>ad-</span> 
     </span>
     <span class='ocr_line' id='line_1_11' title="bbox 171 1461 1453 1543; baseline 0.003 -5"><span class='ocrx_word' id='word_1_90' title='bbox 171 1474 298 1539; x_wconf 83' lang='lat' dir='ltr'>notavit</span> <span class='ocrx_word' id='word_1_91' title='bbox 323 1475 406 1539; x_wconf 92' lang='lat' dir='ltr'>enim</span> <span class='ocrx_word' id='word_1_92' title='bbox 431 1474 451 1540; x_wconf 86' lang='lat' dir='ltr'>l.</span> <span class='ocrx_word' id='word_1_93' title='bbox 470 1493 495 1539; x_wconf 91' lang='lat' dir='ltr'>c.</span> <span class='ocrx_word' id='word_1_94' title='bbox 532 1474 612 1541; x_wconf 90' lang='lat' dir='ltr'>nihil</span> <span class='ocrx_word' id='word_1_95' title='bbox 638 1475 701 1541; x_wconf 88' lang='lat' dir='ltr'>nisi</span> <span class='ocrx_word' id='word_1_96' title='bbox 739 1461 853 1541; x_wconf 77' lang='lat' dir='ltr'>“there</span> <span class='ocrx_word' id='word_1_97' title='bbox 877 1482 963 1542; x_wconf 88' lang='lat' dir='ltr'>must</span> <span class='ocrx_word' id='word_1_98' title='bbox 991 1477 1031 1541; x_wconf 90' lang='lat' dir='ltr'>be</span> <span class='ocrx_word' id='word_1_99' title='bbox 1056 1494 1145 1542; x_wconf 89' lang='lat' dir='ltr'>some</span> <span class='ocrx_word' id='word_1_100' title='bbox 1169 1476 1292 1542; x_wconf 90' lang='lat' dir='ltr'>similar</span> <span class='ocrx_word' id='word_1_101' title='bbox 1314 1482 1453 1543; x_wconf 87' lang='lat' dir='ltr'>reason“</span> 
     </span>
     <span class='ocr_line' id='line_1_12' title="bbox 171 1582 1453 1666; baseline 0.003 -21"><span class='ocrx_word' id='word_1_102' title='bbox 171 1600 275 1663; x_wconf 90' lang='lat' dir='ltr'>neque</span> <span class='ocrx_word' id='word_1_103' title='bbox 299 1583 397 1648; x_wconf 91' lang='lat' dir='ltr'>etiam</span> <span class='ocrx_word' id='word_1_104' title='bbox 421 1582 655 1648; x_wconf 87' lang='lat' dir='ltr'>Wittekindius</span> <span class='ocrx_word' id='word_1_105' title='bbox 680 1602 748 1648; x_wconf 92' lang='lat' dir='ltr'>rem</span> <span class='ocrx_word' id='word_1_106' title='bbox 773 1583 969 1666; x_wconf 81' lang='lat' dir='ltr'>explanavit,</span> <span class='ocrx_word' id='word_1_107' title='bbox 995 1603 1066 1650; x_wconf 90' lang='lat' dir='ltr'>cum</span> <span class='ocrx_word' id='word_1_108' title='bbox 1091 1583 1202 1649; x_wconf 89' lang='lat' dir='ltr'>eadem</span> <span class='ocrx_word' id='word_1_109' title='bbox 1226 1583 1295 1650; x_wconf 88' lang='lat' dir='ltr'>fere</span> <span class='ocrx_word' id='word_1_110' title='bbox 1319 1584 1453 1663; x_wconf 74' lang='lat' dir='ltr'>diceret,</span> 
     </span>
     <span class='ocr_line' id='line_1_13' title="bbox 172 1687 1453 1775; baseline 0.004 -23"><span class='ocrx_word' id='word_1_111' title='bbox 172 1687 240 1754; x_wconf 90' lang='lat' dir='ltr'>Nou</span> <span class='ocrx_word' id='word_1_112' title='bbox 266 1689 367 1770; x_wconf 81' lang='lat' dir='ltr'>igitur</span> <span class='ocrx_word' id='word_1_113' title='bbox 402 1696 452 1754; x_wconf 87' lang='lat' dir='ltr'>est</span> <span class='ocrx_word' id='word_1_114' title='bbox 477 1690 601 1772; x_wconf 89' lang='lat' dir='ltr'>aliquid</span> <span class='ocrx_word' id='word_1_115' title='bbox 625 1709 729 1774; x_wconf 87' lang='lat' dir='ltr'>neque</span> <span class='ocrx_word' id='word_1_116' title='bbox 759 1692 791 1756; x_wconf 91' lang='lat' dir='ltr'>in</span> <span class='ocrx_word' id='word_1_117' title='bbox 823 1697 926 1756; x_wconf 90' lang='lat' dir='ltr'>metro</span> <span class='ocrx_word' id='word_1_118' title='bbox 964 1711 1068 1774; x_wconf 87' lang='lat' dir='ltr'>neque</span> <span class='ocrx_word' id='word_1_119' title='bbox 1103 1692 1136 1757; x_wconf 90' lang='lat' dir='ltr'>in</span> <span class='ocrx_word' id='word_1_120' title='bbox 1172 1692 1313 1757; x_wconf 84' lang='lat' dir='ltr'>dictione</span> <span class='ocrx_word' id='word_1_121' title='bbox 1348 1711 1453 1775; x_wconf 89' lang='lat' dir='ltr'>neque</span> 
     </span>
     <span class='ocr_line' id='line_1_14' title="bbox 171 1796 1466 1882; baseline 0.004 -22"><span class='ocrx_word' id='word_1_122' title='bbox 171 1796 203 1861; x_wconf 91' lang='lat' dir='ltr'>in</span> <span class='ocrx_word' id='word_1_123' title='bbox 228 1801 298 1862; x_wconf 93' lang='lat' dir='ltr'>toto</span> <span class='ocrx_word' id='word_1_124' title='bbox 324 1803 485 1881; x_wconf 84' lang='lat' dir='ltr'>contextu,</span> <span class='ocrx_word' id='word_1_125' title='bbox 511 1799 596 1881; x_wconf 91' lang='lat' dir='ltr'>quod</span> <span class='ocrx_word' id='word_1_126' title='bbox 619 1799 809 1882; x_wconf 85' lang='lat' dir='ltr'>tragoediae</span> <span class='ocrx_word' id='word_1_127' title='bbox 832 1799 1046 1865; x_wconf 90' lang='lat' dir='ltr'>imitationem</span> <span class='ocrx_word' id='word_1_128' title='bbox 1075 1800 1191 1881; x_wconf 86' lang='lat' dir='ltr'>sapiat.</span> <span class='ocrx_word' id='word_1_129' title='bbox 1239 1798 1321 1864; x_wconf 89' lang='lat' dir='ltr'>Nam</span> <span class='ocrx_word' id='word_1_130' title='bbox 1344 1799 1466 1882; x_wconf 85' lang='grc' dir='ltr'><strong><em>κάρτα</em></strong></span> 
     </span>
     <span class='ocr_line' id='line_1_15' title="bbox 171 1905 1452 1989; baseline 0.004 -22"><span class='ocrx_word' id='word_1_131' title='bbox 171 1905 278 1985; x_wconf 87' lang='lat' dir='ltr'>prisca</span> <span class='ocrx_word' id='word_1_132' title='bbox 303 1906 410 1972; x_wconf 89' lang='lat' dir='ltr'>Attica</span> <span class='ocrx_word' id='word_1_133' title='bbox 434 1926 495 1971; x_wconf 87' lang='lat' dir='ltr'>vox</span> <span class='ocrx_word' id='word_1_134' title='bbox 518 1905 588 1988; x_wconf 88' lang='lat' dir='ltr'>fuit,</span> <span class='ocrx_word' id='word_1_135' title='bbox 615 1926 698 1989; x_wconf 91' lang='lat' dir='ltr'>quae</span> <span class='ocrx_word' id='word_1_136' title='bbox 722 1926 773 1973; x_wconf 89' lang='lat' dir='ltr'>res</span> <span class='ocrx_word' id='word_1_137' title='bbox 791 1912 900 1972; x_wconf 91' lang='lat' dir='ltr'>tamen</span> <span class='ocrx_word' id='word_1_138' title='bbox 918 1924 1023 1989; x_wconf 87' lang='lat' dir='ltr'>oeque</span> <span class='ocrx_word' id='word_1_139' title='bbox 1047 1906 1206 1988; x_wconf 81' lang='lat' dir='ltr'>singulari</span> <span class='ocrx_word' id='word_1_140' title='bbox 1224 1907 1452 1989; x_wconf 85' lang='lat' dir='ltr'>Aristophanis</span> 
     </span>
     <span class='ocr_line' id='line_1_16' title="bbox 169 2010 1450 2096; baseline 0.003 -22"><span class='ocrx_word' id='word_1_141' title='bbox 169 2010 239 2078; x_wconf 88' lang='lat' dir='ltr'>loco</span> <span class='ocrx_word' id='word_1_142' title='bbox 257 2030 315 2077; x_wconf 88' lang='lat' dir='ltr'>nec</span> <span class='ocrx_word' id='word_1_143' title='bbox 329 2014 428 2079; x_wconf 89' lang='lat' dir='ltr'>scolio</span> <span class='ocrx_word' id='word_1_144' title='bbox 441 2014 497 2080; x_wconf 91' lang='lat' dir='ltr'>illo</span> <span class='ocrx_word' id='word_1_145' title='bbox 515 2013 751 2096; x_wconf 87' lang='lat' dir='ltr'>comprobatur,</span> <span class='ocrx_word' id='word_1_146' title='bbox 769 2014 856 2096; x_wconf 91' lang='lat' dir='ltr'>quod</span> <span class='ocrx_word' id='word_1_147' title='bbox 872 2013 903 2078; x_wconf 92' lang='lat' dir='ltr'>iu</span> <span class='ocrx_word' id='word_1_148' title='bbox 914 2013 1077 2095; x_wconf 87' lang='lat' dir='ltr'>Amipsiae</span> <span class='ocrx_word' id='word_1_149' title='bbox 1093 2010 1275 2094; x_wconf 83' lang='lat' dir='ltr'>fragmento</span> <span class='ocrx_word' id='word_1_150' title='bbox 1290 2019 1450 2089; x_wconf 82' lang='lat' dir='ltr'>servatur,</span> 
     </span>
     <span class='ocr_line' id='line_1_17' title="bbox 170 2118 1451 2205; baseline 0.003 -23"><span class='ocrx_word' id='word_1_151' title='bbox 170 2118 231 2199; x_wconf 79' lang='lat' dir='ltr'>irg.</span> <span class='ocrx_word' id='word_1_152' title='bbox 257 2123 298 2185; x_wconf 95' lang='grc'>22</span> <span class='ocrx_word' id='word_1_153' title='bbox 331 2121 585 2205; x_wconf 74' lang='grc'>(1101111616,</span> <span class='ocrx_word' id='word_1_154' title='bbox 615 2122 690 2188; x_wconf 90' lang='lat' dir='ltr'>Mei.</span> <span class='ocrx_word' id='word_1_155' title='bbox 715 2122 756 2188; x_wconf 89' lang='lat'>11.</span> <span class='ocrx_word' id='word_1_156' title='bbox 783 2121 872 2203; x_wconf 83' lang='lat' dir='ltr'>vlo),</span> <span class='ocrx_word' id='word_1_157' title='bbox 908 2121 985 2188; x_wconf 90' lang='lat' dir='ltr'>scol.</span> <span class='ocrx_word' id='word_1_158' title='bbox 1012 2122 1054 2186; x_wconf 84' lang='lat'>30</span> <span class='ocrx_word' id='word_1_159' title='bbox 1089 2121 1175 2202; x_wconf 85' lang='lat' dir='ltr'>apud</span> <span class='ocrx_word' id='word_1_160' title='bbox 1200 2121 1376 2204; x_wconf 85' lang='lat' dir='ltr'>Bergkium</span> <span class='ocrx_word' id='word_1_161' title='bbox 1411 2121 1451 2186; x_wconf 81' lang='grc' dir='ltr'>οὐ</span> 
     </span>
     <span class='ocr_line' id='line_1_18' title="bbox 168 2224 1452 2311; baseline 0.002 -20"><span class='ocrx_word' id='word_1_162' title='bbox 168 2224 234 2309; x_wconf 83' lang='grc' dir='ltr'>χρὴ</span> <span class='ocrx_word' id='word_1_163' title='bbox 258 2226 357 2293; x_wconf 80' lang='grc' dir='ltr'><em>πολλ’</em></span> <span class='ocrx_word' id='word_1_164' title='bbox 384 2227 470 2311; x_wconf 77' lang='grc' dir='ltr'><strong><em>ἔχειν</em></strong></span> <span class='ocrx_word' id='word_1_165' title='bbox 494 2226 627 2311; x_wconf 67' lang='grc' dir='ltr'><strong><em>θνητὸν</em></strong></span> <span class='ocrx_word' id='word_1_166' title='bbox 652 2227 852 2311; x_wconf 65' lang='grc' dir='ltr'><strong><em>ἄνθρωπον,</em></strong></span> <span class='ocrx_word' id='word_1_167' title='bbox 879 2226 952 2294; x_wconf 80' lang='grc' dir='ltr'><em>ἀλλ’</em></span> <span class='ocrx_word' id='word_1_168' title='bbox 979 2227 1063 2311; x_wconf 82' lang='grc' dir='ltr'><strong><em>ἐρᾶν</em></strong></span> <span class='ocrx_word' id='word_1_169' title='bbox 1092 2228 1149 2293; x_wconf 87' lang='grc' dir='ltr'>καὶ</span> <span class='ocrx_word' id='word_1_170' title='bbox 1176 2226 1379 2308; x_wconf 68' lang='grc' dir='ltr'><strong><em>κατεσθίειν,</em></strong></span> <span class='ocrx_word' id='word_1_171' title='bbox 1410 2227 1452 2294; x_wconf 82' lang='grc' dir='ltr'>σὺ</span> 
     </span>
     <span class='ocr_line' id='line_1_19' title="bbox 171 2322 1452 2420; baseline 0.002 -22"><span class='ocrx_word' id='word_1_172' title='bbox 171 2331 208 2398; x_wconf 78' lang='lat' dir='ltr'>dt</span> <span class='ocrx_word' id='word_1_173' title='bbox 231 2334 341 2418; x_wconf 83' lang='grc' dir='ltr'><strong><em>κάρτα</em></strong></span> <span class='ocrx_word' id='word_1_174' title='bbox 365 2335 478 2420; x_wconf 78' lang='grc' dir='ltr'><em>φείδῃ,</em></span> <span class='ocrx_word' id='word_1_175' title='bbox 518 2355 632 2403; x_wconf 92' lang='lat' dir='ltr'>revera</span> <span class='ocrx_word' id='word_1_176' title='bbox 667 2337 795 2418; x_wconf 87' lang='lat' dir='ltr'>poetica</span> <span class='ocrx_word' id='word_1_177' title='bbox 822 2337 921 2403; x_wconf 90' lang='lat' dir='ltr'>dictio</span> <span class='ocrx_word' id='word_1_178' title='bbox 955 2356 975 2403; x_wconf 90' lang='lat' dir='ltr'>a</span> <span class='ocrx_word' id='word_1_179' title='bbox 1005 2336 1116 2403; x_wconf 86' lang='lat' dir='ltr'>scoliis</span> <span class='ocrx_word' id='word_1_180' title='bbox 1152 2322 1259 2403; x_wconf 85' lang='lat' dir='ltr'>aliena</span> <span class='ocrx_word' id='word_1_181' title='bbox 1293 2354 1356 2402; x_wconf 89' lang='lat' dir='ltr'>non</span> <span class='ocrx_word' id='word_1_182' title='bbox 1393 2341 1452 2403; x_wconf 89' lang='lat' dir='ltr'>est.</span> 
     </span>
     <span class='ocr_line' id='line_1_20' title="bbox 171 2441 1451 2528; baseline 0.002 -20"><span class='ocrx_word' id='word_1_183' title='bbox 171 2441 234 2508; x_wconf 85' lang='lat' dir='ltr'>Sed</span> <span class='ocrx_word' id='word_1_184' title='bbox 259 2443 291 2510; x_wconf 91' lang='lat' dir='ltr'>in</span> <span class='ocrx_word' id='word_1_185' title='bbox 316 2445 402 2511; x_wconf 88' lang='lat' dir='ltr'>vasis</span> <span class='ocrx_word' id='word_1_186' title='bbox 428 2445 554 2526; x_wconf 87' lang='lat' dir='ltr'>Atticis,</span> <span class='ocrx_word' id='word_1_187' title='bbox 592 2446 678 2527; x_wconf 93' lang='lat' dir='ltr'>quod</span> <span class='ocrx_word' id='word_1_188' title='bbox 701 2445 831 2528; x_wconf 84' lang='lat' dir='ltr'>legitur,</span> <span class='ocrx_word' id='word_1_189' title='bbox 868 2448 1057 2528; x_wconf 63' lang='lat' dir='ltr'>argumento</span> <span class='ocrx_word' id='word_1_190' title='bbox 1081 2443 1173 2510; x_wconf 90' lang='lat' dir='ltr'>nobis</span> <span class='ocrx_word' id='word_1_191' title='bbox 1198 2449 1257 2524; x_wconf 89' lang='lat' dir='ltr'>est,</span> <span class='ocrx_word' id='word_1_192' title='bbox 1283 2441 1321 2510; x_wconf 88' lang='lat' dir='ltr'>ci.</span> <span class='ocrx_word' id='word_1_193' title='bbox 1346 2443 1451 2510; x_wconf 86' lang='lat' dir='ltr'>Klein.</span> 
     </span>
     <span class='ocr_line' id='line_1_21' title="bbox 170 2549 1453 2634; baseline 0.001 -21"><span class='ocrx_word' id='word_1_194' title='bbox 170 2549 474 2632; x_wconf 80' lang='lat' dir='ltr'>Liehlingsinsclrr.²</span> <span class='ocrx_word' id='word_1_195' title='bbox 499 2572 530 2634; x_wconf 88' lang='lat' dir='ltr'>p.</span> <span class='ocrx_word' id='word_1_196' title='bbox 556 2553 597 2616; x_wconf 86' lang='grc'>31</span> <span class='ocrx_word' id='word_1_197' title='bbox 623 2549 831 2634; x_wconf 83' lang='grc' dir='ltr'><strong><em>Σώστρατος</em></strong></span> <span class='ocrx_word' id='word_1_198' title='bbox 854 2549 961 2631; x_wconf 84' lang='grc' dir='ltr'><strong><em>καλὸς</em></strong></span> <span class='ocrx_word' id='word_1_199' title='bbox 983 2550 1093 2633; x_wconf 82' lang='grc' dir='ltr'><strong><em>κάρτα</em></strong></span> <span class='ocrx_word' id='word_1_200' title='bbox 1117 2551 1148 2615; x_wconf 90' lang='lat' dir='ltr'>in</span> <span class='ocrx_word' id='word_1_201' title='bbox 1173 2550 1329 2632; x_wconf 87' lang='lat' dir='ltr'>amphora</span> <span class='ocrx_word' id='word_1_202' title='bbox 1351 2549 1453 2632; x_wconf 86' lang='lat' dir='ltr'>nigris</span> 
     </span>
     <span class='ocr_line' id='line_1_22' title="bbox 168 2655 1454 2742; baseline 0 -21"><span class='ocrx_word' id='word_1_203' title='bbox 168 2655 280 2740; x_wconf 85' lang='lat' dir='ltr'>figuris</span> <span class='ocrx_word' id='word_1_204' title='bbox 305 2664 420 2725; x_wconf 87' lang='lat' dir='ltr'>ornata</span> <span class='ocrx_word' id='word_1_205' title='bbox 443 2659 481 2726; x_wconf 90' lang='lat' dir='ltr'>V.</span> <span class='ocrx_word' id='word_1_206' title='bbox 499 2661 642 2726; x_wconf 89' lang='lat' dir='ltr'>ineuntis</span> <span class='ocrx_word' id='word_1_207' title='bbox 658 2660 789 2741; x_wconf 89' lang='lat' dir='ltr'>saeculi,</span> <span class='ocrx_word' id='word_1_208' title='bbox 814 2660 920 2741; x_wconf 83' lang='lat' dir='ltr'>Klein,</span> <span class='ocrx_word' id='word_1_209' title='bbox 946 2659 1183 2742; x_wconf 78' lang='lat' dir='ltr'>Meistersign.²</span> <span class='ocrx_word' id='word_1_210' title='bbox 1207 2678 1238 2741; x_wconf 88' lang='lat' dir='ltr'>p.</span> <span class='ocrx_word' id='word_1_211' title='bbox 1260 2659 1321 2722; x_wconf 89' lang='grc'>191</span> <span class='ocrx_word' id='word_1_212' title='bbox 1344 2657 1454 2740; x_wconf 81' lang='grc' dir='ltr'><strong><em>κάρτα</em></strong></span> 
     </span>
     <span class='ocr_line' id='line_1_23' title="bbox 169 2761 1452 2851; baseline 0 -22"><span class='ocrx_word' id='word_1_213' title='bbox 169 2761 299 2845; x_wconf 80' lang='grc' dir='ltr'><strong><em>δίκαιος</em></strong></span> <span class='ocrx_word' id='word_1_214' title='bbox 318 2771 418 2850; x_wconf 83' lang='grc' dir='ltr'><strong><em>χαῖρε</em></strong></span> <span class='ocrx_word' id='word_1_215' title='bbox 439 2771 538 2850; x_wconf 82' lang='grc' dir='ltr'><strong><em>χαῖρε</em></strong></span> <span class='ocrx_word' id='word_1_216' title='bbox 561 2768 594 2833; x_wconf 91' lang='lat' dir='ltr'>in</span> <span class='ocrx_word' id='word_1_217' title='bbox 619 2785 695 2832; x_wconf 89' lang='lat' dir='ltr'>vase</span> <span class='ocrx_word' id='word_1_218' title='bbox 719 2772 828 2834; x_wconf 88' lang='lat' dir='ltr'>aetate</span> <span class='ocrx_word' id='word_1_219' title='bbox 851 2767 1031 2851; x_wconf 87' lang='lat' dir='ltr'>Euphronii</span> <span class='ocrx_word' id='word_1_220' title='bbox 1048 2767 1136 2850; x_wconf 91' lang='lat' dir='ltr'>picto</span> <span class='ocrx_word' id='word_1_221' title='bbox 1145 2766 1180 2850; x_wconf 90' lang='lat'>¹).</span> <span class='ocrx_word' id='word_1_222' title='bbox 1229 2766 1311 2845; x_wconf 89' lang='lat' dir='ltr'>Sint,</span> <span class='ocrx_word' id='word_1_223' title='bbox 1336 2764 1452 2847; x_wconf 89' lang='lat' dir='ltr'>quihus</span> 
     </span>
     <span class='ocr_line' id='line_1_24' title="bbox 168 2871 1451 2959; baseline 0 -23"><span class='ocrx_word' id='word_1_224' title='bbox 168 2871 229 2940; x_wconf 89' lang='lat' dir='ltr'>hae</span> <span class='ocrx_word' id='word_1_225' title='bbox 254 2874 482 2959; x_wconf 86' lang='lat' dir='ltr'>inscriptiones</span> <span class='ocrx_word' id='word_1_226' title='bbox 508 2880 679 2957; x_wconf 88' lang='lat' dir='ltr'>suspectae</span> <span class='ocrx_word' id='word_1_227' title='bbox 702 2876 777 2957; x_wconf 89' lang='lat' dir='ltr'>sint,</span> <span class='ocrx_word' id='word_1_228' title='bbox 802 2876 888 2959; x_wconf 90' lang='lat' dir='ltr'>quod</span> <span class='ocrx_word' id='word_1_229' title='bbox 911 2876 1053 2958; x_wconf 89' lang='lat' dir='ltr'>pictores</span> <span class='ocrx_word' id='word_1_230' title='bbox 1083 2874 1204 2941; x_wconf 85' lang='lat' dir='ltr'>formas</span> <span class='ocrx_word' id='word_1_231' title='bbox 1228 2874 1358 2956; x_wconf 90' lang='lat' dir='ltr'>quidem</span> <span class='ocrx_word' id='word_1_232' title='bbox 1381 2891 1451 2939; x_wconf 91' lang='lat' dir='ltr'>ver-</span> 
     </span>
     <span class='ocr_line' id='line_1_25' title="bbox 169 2981 1453 3064; baseline -0.002 -17"><span class='ocrx_word' id='word_1_233' title='bbox 169 2981 283 3048; x_wconf 91' lang='lat' dir='ltr'>borum</span> <span class='ocrx_word' id='word_1_234' title='bbox 305 2983 469 3049; x_wconf 90' lang='lat' dir='ltr'>interdum</span> <span class='ocrx_word' id='word_1_235' title='bbox 494 3003 557 3050; x_wconf 92' lang='lat' dir='ltr'>non</span> <span class='ocrx_word' id='word_1_236' title='bbox 583 2985 709 3051; x_wconf 87' lang='lat' dir='ltr'>Atticas</span> <span class='ocrx_word' id='word_1_237' title='bbox 734 2983 950 3051; x_wconf 88' lang='lat' dir='ltr'>adhibuerint.</span> <span class='ocrx_word' id='word_1_238' title='bbox 996 2984 1034 3049; x_wconf 85' lang='lat' dir='ltr'>Irl</span> <span class='ocrx_word' id='word_1_239' title='bbox 1058 2984 1099 3049; x_wconf 91' lang='lat' dir='ltr'>ad</span> <span class='ocrx_word' id='word_1_240' title='bbox 1123 2988 1268 3050; x_wconf 86' lang='lat' dir='ltr'>nostram</span> <span class='ocrx_word' id='word_1_241' title='bbox 1290 2981 1453 3064; x_wconf 88' lang='lat' dir='ltr'>quaestio·</span> 
     </span>
     <span class='ocr_line' id='line_1_26' title="bbox 168 3090 1452 3175; baseline -0.002 -20"><span class='ocrx_word' id='word_1_242' title='bbox 168 3109 241 3155; x_wconf 89' lang='lat' dir='ltr'>nem</span> <span class='ocrx_word' id='word_1_243' title='bbox 265 3110 328 3157; x_wconf 90' lang='lat' dir='ltr'>non</span> <span class='ocrx_word' id='word_1_244' title='bbox 353 3093 505 3175; x_wconf 86' lang='lat' dir='ltr'>pertinet,</span> <span class='ocrx_word' id='word_1_245' title='bbox 529 3111 604 3159; x_wconf 87' lang='lat' dir='ltr'>nam</span> <span class='ocrx_word' id='word_1_246' title='bbox 628 3097 662 3159; x_wconf 91' lang='lat' dir='ltr'>et</span> <span class='ocrx_word' id='word_1_247' title='bbox 685 3093 913 3175; x_wconf 87' lang='lat' dir='ltr'>inscriptiones</span> <span class='ocrx_word' id='word_1_248' title='bbox 938 3096 971 3158; x_wconf 92' lang='lat' dir='ltr'>et</span> <span class='ocrx_word' id='word_1_249' title='bbox 988 3091 1216 3174; x_wconf 82' lang='lat' dir='ltr'>Aristophanis</span> <span class='ocrx_word' id='word_1_250' title='bbox 1239 3090 1329 3156; x_wconf 92' lang='lat' dir='ltr'>locus</span> <span class='ocrx_word' id='word_1_251' title='bbox 1353 3107 1452 3171; x_wconf 90' lang='lat' dir='ltr'>supra</span> 
     </span>
     <span class='ocr_line' id='line_1_27' title="bbox 169 3197 1450 3284; baseline -0.002 -22"><span class='ocrx_word' id='word_1_252' title='bbox 169 3198 287 3264; x_wconf 87' lang='lat' dir='ltr'>allatus</span> <span class='ocrx_word' id='word_1_253' title='bbox 312 3200 373 3265; x_wconf 91' lang='lat' dir='ltr'>sibi</span> <span class='ocrx_word' id='word_1_254' title='bbox 397 3200 427 3265; x_wconf 92' lang='lat' dir='ltr'>in</span> <span class='ocrx_word' id='word_1_255' title='bbox 446 3201 547 3267; x_wconf 87' lang='lat' dir='ltr'>vicem</span> <span class='ocrx_word' id='word_1_256' title='bbox 565 3201 815 3284; x_wconf 85' lang='lat' dir='ltr'>explicationem</span> <span class='ocrx_word' id='word_1_257' title='bbox 838 3200 1048 3284; x_wconf 88' lang='lat' dir='ltr'>suppeditant</span> <span class='ocrx_word' id='word_1_258' title='bbox 1071 3204 1104 3265; x_wconf 92' lang='lat' dir='ltr'>et</span> <span class='ocrx_word' id='word_1_259' title='bbox 1128 3197 1319 3266; x_wconf 86' lang='lat' dir='ltr'>confirmant</span> <span class='ocrx_word' id='word_1_260' title='bbox 1342 3213 1450 3262; x_wconf 87' lang='lat' dir='ltr'>vocem</span> 
     </span>
     <span class='ocr_line' id='line_1_28' title="bbox 168 3301 1062 3392; baseline 0.006 -21"><span class='ocrx_word' id='word_1_261' title='bbox 168 3307 276 3390; x_wconf 82' lang='grc' dir='ltr'><strong><em>κάρτα</em></strong></span> <span class='ocrx_word' id='word_1_262' title='bbox 299 3309 439 3392; x_wconf 90' lang='lat' dir='ltr'>priscam</span> <span class='ocrx_word' id='word_1_263' title='bbox 462 3309 605 3375; x_wconf 88' lang='lat' dir='ltr'>Atticam</span> <span class='ocrx_word' id='word_1_264' title='bbox 628 3308 738 3377; x_wconf 87' lang='lat' dir='ltr'>fuisse.</span> <span class='ocrx_word' id='word_1_265' title='bbox 1061 3301 1062 3304; x_wconf 50' lang='lat'>&#39;</span> 
     </span>
    </p>

    <p class='ocr_par' dir='ltr' id='par_1_3' title="bbox 165 3412 1452 4257">
     <span class='ocr_line' id='line_1_29' title="bbox 272 3412 1452 3500; baseline -0.006 -18"><span class='ocrx_word' id='word_1_266' title='bbox 272 3417 421 3500; x_wconf 87' lang='lat' dir='ltr'>Denique</span> <span class='ocrx_word' id='word_1_267' title='bbox 445 3418 664 3484; x_wconf 89' lang='lat' dir='ltr'>adnotandum</span> <span class='ocrx_word' id='word_1_268' title='bbox 689 3423 739 3483; x_wconf 87' lang='lat' dir='ltr'>est</span> <span class='ocrx_word' id='word_1_269' title='bbox 762 3435 882 3498; x_wconf 90' lang='lat' dir='ltr'>vocem,</span> <span class='ocrx_word' id='word_1_270' title='bbox 908 3420 945 3482; x_wconf 92' lang='lat' dir='ltr'>ut</span> <span class='ocrx_word' id='word_1_271' title='bbox 969 3415 1055 3498; x_wconf 88' lang='lat' dir='ltr'>apud</span> <span class='ocrx_word' id='word_1_272' title='bbox 1079 3413 1294 3480; x_wconf 86' lang='lat' dir='ltr'>Athenienses</span> <span class='ocrx_word' id='word_1_273' title='bbox 1318 3412 1356 3478; x_wconf 89' lang='lat' dir='ltr'>V.</span> <span class='ocrx_word' id='word_1_274' title='bbox 1380 3429 1452 3477; x_wconf 88' lang='lat' dir='ltr'>sae·</span> 
     </span>
     <span class='ocr_line' id='line_1_30' title="bbox 168 3521 1452 3609; baseline -0.002 -23"><span class='ocrx_word' id='word_1_275' title='bbox 168 3524 247 3603; x_wconf 87' lang='lat' dir='ltr'>culo,</span> <span class='ocrx_word' id='word_1_276' title='bbox 285 3524 331 3590; x_wconf 86' lang='lat' dir='ltr'>ita</span> <span class='ocrx_word' id='word_1_277' title='bbox 354 3525 451 3607; x_wconf 87' lang='lat' dir='ltr'>paulo</span> <span class='ocrx_word' id='word_1_278' title='bbox 475 3531 551 3607; x_wconf 88' lang='lat' dir='ltr'>post</span> <span class='ocrx_word' id='word_1_279' title='bbox 573 3525 659 3609; x_wconf 89' lang='lat' dir='ltr'>apud</span> <span class='ocrx_word' id='word_1_280' title='bbox 688 3524 783 3591; x_wconf 92' lang='lat' dir='ltr'>lones</span> <span class='ocrx_word' id='word_1_281' title='bbox 807 3523 986 3604; x_wconf 77' lang='lat' dir='ltr'>evanuisse,</span> <span class='ocrx_word' id='word_1_282' title='bbox 1023 3527 1111 3588; x_wconf 87' lang='lat' dir='ltr'>certe</span> <span class='ocrx_word' id='word_1_283' title='bbox 1141 3522 1176 3587; x_wconf 90' lang='lat' dir='ltr'>in</span> <span class='ocrx_word' id='word_1_284' title='bbox 1198 3521 1342 3603; x_wconf 86' lang='lat' dir='ltr'>linguam</span> <span class='ocrx_word' id='word_1_285' title='bbox 1367 3536 1452 3585; x_wconf 90' lang='lat' dir='ltr'>com·</span> 
     </span>
     <span class='ocr_line' id='line_1_31' title="bbox 166 3629 1450 3716; baseline -0.004 -21"><span class='ocrx_word' id='word_1_286' title='bbox 166 3649 293 3696; x_wconf 87' lang='lat' dir='ltr'>munem</span> <span class='ocrx_word' id='word_1_287' title='bbox 317 3633 457 3714; x_wconf 87' lang='lat' dir='ltr'>transiit,</span> <span class='ocrx_word' id='word_1_288' title='bbox 495 3634 571 3716; x_wconf 89' lang='lat' dir='ltr'>quia</span> <span class='ocrx_word' id='word_1_289' title='bbox 600 3637 675 3716; x_wconf 89' lang='lat' dir='ltr'>post</span> <span class='ocrx_word' id='word_1_290' title='bbox 699 3632 841 3700; x_wconf 81' lang='lat' dir='ltr'>Ctesiam</span> <span class='ocrx_word' id='word_1_291' title='bbox 876 3632 938 3699; x_wconf 89' lang='lat' dir='ltr'>loci</span> <span class='ocrx_word' id='word_1_292' title='bbox 974 3631 1059 3714; x_wconf 88' lang='lat' dir='ltr'>apud</span> <span class='ocrx_word' id='word_1_293' title='bbox 1083 3629 1293 3695; x_wconf 87' lang='lat' dir='ltr'>Plutarchum</span> <span class='ocrx_word' id='word_1_294' title='bbox 1323 3630 1450 3692; x_wconf 90' lang='lat' dir='ltr'>tantum</span> 
     </span>
     <span class='ocr_line' id='line_1_32' title="bbox 166 3734 1450 3824; baseline -0.002 -23"><span class='ocrx_word' id='word_1_295' title='bbox 166 3757 243 3803; x_wconf 90' lang='lat' dir='ltr'>mor.</span> <span class='ocrx_word' id='word_1_296' title='bbox 273 3740 370 3804; x_wconf 86' lang='grc' dir='ltr'>11οΕ</span> <span class='ocrx_word' id='word_1_297' title='bbox 405 3747 438 3806; x_wconf 89' lang='lat' dir='ltr'>et</span> <span class='ocrx_word' id='word_1_298' title='bbox 473 3743 560 3824; x_wconf 89' lang='lat' dir='ltr'>apud</span> <span class='ocrx_word' id='word_1_299' title='bbox 583 3742 759 3808; x_wconf 91' lang='lat' dir='ltr'>Lucianum</span> <span class='ocrx_word' id='word_1_300' title='bbox 784 3741 850 3807; x_wconf 82' lang='lat' dir='ltr'>Cal.</span> <span class='ocrx_word' id='word_1_301' title='bbox 878 3741 898 3805; x_wconf 85' lang='grc'>9</span> <span class='ocrx_word' id='word_1_302' title='bbox 934 3744 967 3807; x_wconf 91' lang='lat' dir='ltr'>et</span> <span class='ocrx_word' id='word_1_303' title='bbox 1001 3740 1112 3806; x_wconf 89' lang='lat' dir='ltr'>novies</span> <span class='ocrx_word' id='word_1_304' title='bbox 1148 3739 1181 3803; x_wconf 92' lang='lat' dir='ltr'>in</span> <span class='ocrx_word' id='word_1_305' title='bbox 1216 3738 1284 3804; x_wconf 88' lang='lat' dir='ltr'>vita</span> <span class='ocrx_word' id='word_1_306' title='bbox 1306 3734 1450 3816; x_wconf 90' lang='lat' dir='ltr'>Homeri,</span> 
     </span>
     <span class='ocr_line' id='line_1_33' title="bbox 167 3841 1451 3932; baseline -0.002 -23"><span class='ocrx_word' id='word_1_307' title='bbox 167 3864 248 3927; x_wconf 89' lang='lat' dir='ltr'>quae</span> <span class='ocrx_word' id='word_1_308' title='bbox 271 3847 429 3914; x_wconf 90' lang='lat' dir='ltr'>Herodoti</span> <span class='ocrx_word' id='word_1_309' title='bbox 465 3868 537 3915; x_wconf 88' lang='lat' dir='ltr'>esse</span> <span class='ocrx_word' id='word_1_310' title='bbox 573 3849 701 3932; x_wconf 88' lang='lat' dir='ltr'>dicitur,</span> <span class='ocrx_word' id='word_1_311' title='bbox 737 3850 816 3915; x_wconf 92' lang='lat' dir='ltr'>mihi</span> <span class='ocrx_word' id='word_1_312' title='bbox 852 3854 983 3932; x_wconf 90' lang='lat' dir='ltr'>praesto</span> <span class='ocrx_word' id='word_1_313' title='bbox 1019 3854 1104 3913; x_wconf 91' lang='lat' dir='ltr'>sunt.</span> <span class='ocrx_word' id='word_1_314' title='bbox 1151 3845 1315 3912; x_wconf 88' lang='lat' dir='ltr'>Pristinac</span> <span class='ocrx_word' id='word_1_315' title='bbox 1351 3841 1451 3924; x_wconf 86' lang='lat' dir='ltr'>igitur</span> 
     </span>
     <span class='ocr_line' id='line_1_34' title="bbox 167 3949 1451 4042; baseline -0.002 -25"><span class='ocrx_word' id='word_1_316' title='bbox 167 3955 267 4019; x_wconf 89' lang='lat' dir='ltr'>aetati</span> <span class='ocrx_word' id='word_1_317' title='bbox 290 3955 400 4039; x_wconf 82' lang='grc' dir='ltr'><strong><em>κάρτα</em></strong></span> <span class='ocrx_word' id='word_1_318' title='bbox 413 3957 619 4024; x_wconf 90' lang='lat' dir='ltr'>tribuendum</span> <span class='ocrx_word' id='word_1_319' title='bbox 644 3964 704 4039; x_wconf 87' lang='lat' dir='ltr'>est,</span> <span class='ocrx_word' id='word_1_320' title='bbox 730 3976 883 4042; x_wconf 88' lang='lat' dir='ltr'>quacum</span> <span class='ocrx_word' id='word_1_321' title='bbox 905 3974 942 4020; x_wconf 90' lang='lat' dir='ltr'>re</span> <span class='ocrx_word' id='word_1_322' title='bbox 966 3954 1048 4022; x_wconf 88' lang='lat' dir='ltr'>bene</span> <span class='ocrx_word' id='word_1_323' title='bbox 1065 3954 1226 4021; x_wconf 88' lang='lat' dir='ltr'>consentit</span> <span class='ocrx_word' id='word_1_324' title='bbox 1240 3953 1283 4030; x_wconf 90' lang='lat' dir='ltr'>id,</span> <span class='ocrx_word' id='word_1_325' title='bbox 1308 3951 1393 4034; x_wconf 87' lang='lat' dir='ltr'>quod</span> <span class='ocrx_word' id='word_1_326' title='bbox 1417 3949 1451 4014; x_wconf 90' lang='lat' dir='ltr'>in</span> 
     </span>
     <span class='ocr_line' id='line_1_35' title="bbox 166 4056 1448 4148; baseline -0.004 -23"><span class='ocrx_word' id='word_1_327' title='bbox 166 4063 341 4142; x_wconf 82' lang='lat' dir='ltr'>tragoediis</span> <span class='ocrx_word' id='word_1_328' title='bbox 359 4065 565 4146; x_wconf 89' lang='lat' dir='ltr'>conspicitur,</span> <span class='ocrx_word' id='word_1_329' title='bbox 590 4065 757 4147; x_wconf 89' lang='lat' dir='ltr'>inquibus</span> <span class='ocrx_word' id='word_1_330' title='bbox 775 4064 952 4148; x_wconf 85' lang='lat' dir='ltr'>Aeschylus</span> <span class='ocrx_word' id='word_1_331' title='bbox 978 4065 1018 4128; x_wconf 88' lang='lat'>31</span> <span class='ocrx_word' id='word_1_332' title='bbox 1046 4063 1079 4128; x_wconf 94' lang='lat' dir='ltr'>in</span> <span class='ocrx_word' id='word_1_333' title='bbox 1104 4059 1327 4143; x_wconf 77' lang='lat' dir='ltr'>ltragoediis,</span> <span class='ocrx_word' id='word_1_334' title='bbox 1354 4056 1448 4122; x_wconf 86' lang='lat' dir='ltr'>Euri·</span> 
     </span>
     <span class='ocr_line' id='line_1_36' title="bbox 165 4169 747 4257; baseline 0.007 -24"><span class='ocrx_word' id='word_1_335' title='bbox 165 4169 257 4249; x_wconf 89' lang='lat' dir='ltr'>pides</span> <span class='ocrx_word' id='word_1_336' title='bbox 284 4173 324 4235; x_wconf 91' lang='grc'>12</span> <span class='ocrx_word' id='word_1_337' title='bbox 348 4171 380 4236; x_wconf 91' lang='lat' dir='ltr'>in</span> <span class='ocrx_word' id='word_1_338' title='bbox 409 4175 448 4237; x_wconf 88' lang='grc'>19</span> <span class='ocrx_word' id='word_1_339' title='bbox 472 4173 582 4255; x_wconf 87' lang='grc' dir='ltr'><strong><em>κάρτα</em></strong></span> <span class='ocrx_word' id='word_1_340' title='bbox 606 4174 747 4257; x_wconf 87' lang='lat' dir='ltr'>scripsit.</span> 
     </span>
    </p>
   </div>
   <div class='ocr_carea' id='block_1_3' title="bbox 166 4350 378 4362">
    <p class='ocr_par' dir='ltr' id='par_1_4' title="bbox 166 4350 378 4362">
     <span class='ocr_line' id='line_1_37' title="bbox 166 4350 378 4362; baseline 0.005 -1"><span class='ocrx_word' id='word_1_341' title='bbox 166 4350 378 4362; x_wconf 51' lang='grc' dir='ltr'>*σι-αι...-</span> 
     </span>
    </p>
   </div>
   <div class='ocr_carea' id='block_1_4' title="bbox 166 4434 1450 4625">
    <p class='ocr_par' dir='ltr' id='par_1_5' title="bbox 166 4434 1450 4625">
     <span class='ocr_line' id='line_1_38' title="bbox 271 4434 1450 4522; baseline -0.008 -19"><span class='ocrx_word' id='word_1_342' title='bbox 271 4453 293 4522; x_wconf 81' lang='lat'>1)</span> <span class='ocrx_word' id='word_1_343' title='bbox 310 4449 343 4504; x_wconf 90' lang='lat' dir='ltr'>In</span> <span class='ocrx_word' id='word_1_344' title='bbox 355 4450 439 4505; x_wconf 90' lang='lat' dir='ltr'>tertio</span> <span class='ocrx_word' id='word_1_345' title='bbox 452 4434 517 4505; x_wconf 86' lang='lat' dir='ltr'>vase</span> <span class='ocrx_word' id='word_1_346' title='bbox 529 4450 664 4512; x_wconf 86' lang='lat' dir='ltr'>Kleinius,</span> <span class='ocrx_word' id='word_1_347' title='bbox 680 4445 940 4517; x_wconf 76' lang='lat' dir='ltr'>Liehlingsinsehr.2</span> <span class='ocrx_word' id='word_1_348' title='bbox 958 4464 984 4516; x_wconf 89' lang='lat' dir='ltr'>p.</span> <span class='ocrx_word' id='word_1_349' title='bbox 999 4449 1031 4502; x_wconf 87' lang='grc'>91</span> <span class='ocrx_word' id='word_1_350' title='bbox 1046 4461 1101 4500; x_wconf 90' lang='lat' dir='ltr'>non</span> <span class='ocrx_word' id='word_1_351' title='bbox 1114 4446 1189 4498; x_wconf 84' lang='lat' dir='ltr'>recte</span> <span class='ocrx_word' id='word_1_352' title='bbox 1202 4443 1237 4499; x_wconf 81' lang='grc' dir='ltr'>καί</span> <span class='ocrx_word' id='word_1_353' title='bbox 1251 4441 1307 4515; x_wconf 84' lang='grc' dir='ltr'>(ρ)</span> <span class='ocrx_word' id='word_1_354' title='bbox 1320 4462 1352 4496; x_wconf 83' lang='grc' dir='ltr'>τα</span> <span class='ocrx_word' id='word_1_355' title='bbox 1371 4440 1450 4510; x_wconf 82' lang='lat' dir='ltr'>legit,</span> 
     </span>
     <span class='ocr_line' id='line_1_39' title="bbox 166 4533 1384 4625; baseline -0.006 -34"><span class='ocrx_word' id='word_1_356' title='bbox 166 4538 197 4594; x_wconf 85' lang='lat' dir='ltr'>el.</span> <span class='ocrx_word' id='word_1_357' title='bbox 217 4539 404 4604; x_wconf 86' lang='lat' dir='ltr'>Kretsehmer,</span> <span class='ocrx_word' id='word_1_358' title='bbox 423 4541 467 4595; x_wconf 88' lang='lat' dir='ltr'>die</span> <span class='ocrx_word' id='word_1_359' title='bbox 486 4539 589 4609; x_wconf 83' lang='lat' dir='ltr'>grieclu</span> <span class='ocrx_word' id='word_1_360' title='bbox 612 4537 805 4625; x_wconf 76' lang='lat' dir='ltr'>Vaseninsclrr.</span> <span class='ocrx_word' id='word_1_361' title='bbox 824 4555 850 4608; x_wconf 91' lang='lat' dir='ltr'>p.</span> <span class='ocrx_word' id='word_1_362' title='bbox 872 4540 914 4602; x_wconf 86' lang='grc'>18,</span> <span class='ocrx_word' id='word_1_363' title='bbox 935 4536 982 4607; x_wconf 90' lang='lat' dir='ltr'>qui</span> <span class='ocrx_word' id='word_1_364' title='bbox 1000 4537 1145 4607; x_wconf 90' lang='lat' dir='ltr'>proposuit</span> <span class='ocrx_word' id='word_1_365' title='bbox 1164 4533 1230 4590; x_wconf 79' lang='grc' dir='ltr'><strong><em>καλά</em></strong></span> <span class='ocrx_word' id='word_1_366' title='bbox 1248 4535 1384 4605; x_wconf 74' lang='lat' dir='ltr'>(KAPA).</span> 
     </span>
    </p>
   </div>
   <div class='ocr_carea' id='block_1_5' title="bbox 1251 4711 1287 4770">
    <p class='ocr_par' dir='ltr' id='par_1_6' title="bbox 1251 4711 1287 4770">
     <span class='ocr_line' id='line_1_40' title="bbox 1251 4711 1287 4770; baseline 0 -19"><span class='ocrx_word' id='word_1_367' title='bbox 1251 4711 1287 4770; x_wconf 69' lang='grc'>5*</span> 
     </span>
    </p>
   </div>
   <div class='ocr_carea' id='block_1_6' title="bbox 0 0 1620 5176">
    <p class='ocr_par' dir='ltr' id='par_1_7' title="bbox 0 0 1620 5176">
     <span class='ocr_line' id='line_1_41' title="bbox 0 0 1620 5176; baseline 0 2"><span class='ocrx_word' id='word_1_368' title='bbox 0 0 1620 5176; x_wconf 95' lang='lat' dir='ltr'> </span> 
     </span>
    </p>
   </div>
  </div>
 </body>
</html>
