<?xml version="1.0" encoding="UTF-8"?>
<!DOCTYPE html PUBLIC "-//W3C//DTD XHTML 1.0 Transitional//EN"
    "http://www.w3.org/TR/xhtml1/DTD/xhtml1-transitional.dtd">
<html xmlns="http://www.w3.org/1999/xhtml" xml:lang="en" lang="en">
 <head>
  <title>
</title>
<meta http-equiv="Content-Type" content="text/html;charset=utf-8" />
  <meta name='ocr-system' content='tesseract 3.04.00' />
  <meta name='ocr-capabilities' content='ocr_page ocr_carea ocr_par ocr_line ocrx_word'/>
</head>
<body>
  <div class='ocr_page' id='page_1' title='image "./deaeschylicopia01alygoog_0048.png"; bbox 0 0 3232 5176; ppageno 0'>
   <div class='ocr_carea' id='block_1_1' title="bbox 693 275 909 344">
    <p class='ocr_par' dir='ltr' id='par_1_1' title="bbox 693 275 909 344">
     <span class='ocr_line' id='line_1_1' title="bbox 693 275 909 344; baseline 0.005 -18"><span class='ocrx_word' id='word_1_1' title='bbox 693 275 909 344; x_wconf 63' lang='lat'>...35-</span> 
     </span>
    </p>
   </div>
   <div class='ocr_carea' id='block_1_2' title="bbox 165 455 1440 761">
    <p class='ocr_par' dir='ltr' id='par_1_2' title="bbox 165 455 1440 761">
     <span class='ocr_line' id='line_1_2' title="bbox 275 455 1436 541; baseline 0.003 -17"><span class='ocrx_word' id='word_1_2' title='bbox 275 455 384 541; x_wconf 84' lang='grc' dir='ltr'><em>Φερνη</em></span> <span class='ocrx_word' id='word_1_3' title='bbox 410 459 495 541; x_wconf 89' lang='lat' dir='ltr'>apud</span> <span class='ocrx_word' id='word_1_4' title='bbox 514 459 692 540; x_wconf 84' lang='lat' dir='ltr'><strong>complures</strong></span> <span class='ocrx_word' id='word_1_5' title='bbox 710 457 865 524; x_wconf 82' lang='lat' dir='ltr'>Graeciae</span> <span class='ocrx_word' id='word_1_6' title='bbox 889 463 1003 540; x_wconf 81' lang='lat' dir='ltr'>gentes</span> <span class='ocrx_word' id='word_1_7' title='bbox 1026 459 1059 522; x_wconf 93' lang='lat' dir='ltr'>in</span> <span class='ocrx_word' id='word_1_8' title='bbox 1083 477 1143 524; x_wconf 90' lang='lat' dir='ltr'>usu</span> <span class='ocrx_word' id='word_1_9' title='bbox 1166 457 1237 541; x_wconf 85' lang='lat' dir='ltr'>init,</span> <span class='ocrx_word' id='word_1_10' title='bbox 1262 457 1320 525; x_wconf 87' lang='lat' dir='ltr'>sed</span> <span class='ocrx_word' id='word_1_11' title='bbox 1340 479 1436 527; x_wconf 92' lang='lat' dir='ltr'>sensu</span> 
     </span>
     <span class='ocr_line' id='line_1_3' title="bbox 166 567 1439 649; baseline -0.001 -16"><span class='ocrx_word' id='word_1_12' title='bbox 166 568 254 634; x_wconf 89' lang='lat' dir='ltr'>varie</span> <span class='ocrx_word' id='word_1_13' title='bbox 287 574 422 634; x_wconf 91' lang='lat' dir='ltr'>mutato.</span> <span class='ocrx_word' id='word_1_14' title='bbox 470 567 564 648; x_wconf 84' lang='lat' dir='ltr'><strong>Apud</strong></span> <span class='ocrx_word' id='word_1_15' title='bbox 588 567 785 633; x_wconf 74' lang='lat' dir='ltr'>Dotenses</span> <span class='ocrx_word' id='word_1_16' title='bbox 812 567 931 648; x_wconf 84' lang='lat' dir='ltr'>legitur</span> <span class='ocrx_word' id='word_1_17' title='bbox 959 567 992 631; x_wconf 94' lang='lat' dir='ltr'>in</span> <span class='ocrx_word' id='word_1_18' title='bbox 1022 567 1233 649; x_wconf 77' lang='lat' dir='ltr'>inscriptione</span> <span class='ocrx_word' id='word_1_19' title='bbox 1262 567 1439 648; x_wconf 84' lang='lat' dir='ltr'>Epidauria</span> 
     </span>
     <span class='ocr_line' id='line_1_4' title="bbox 165 669 1440 761; baseline -0.002 -20"><span class='ocrx_word' id='word_1_20' title='bbox 165 676 218 742; x_wconf 87' lang='lat' dir='ltr'>IG.</span> <span class='ocrx_word' id='word_1_21' title='bbox 236 674 303 741; x_wconf 91' lang='lat' dir='ltr'>Pel.</span> <span class='ocrx_word' id='word_1_22' title='bbox 327 676 386 740; x_wconf 91' lang='lat' dir='ltr'>ins.</span> <span class='ocrx_word' id='word_1_23' title='bbox 403 675 463 741; x_wconf 89' lang='lat' dir='ltr'>vic.</span> <span class='ocrx_word' id='word_1_24' title='bbox 485 675 508 739; x_wconf 93' lang='grc' dir='ltr'>Ι.</span> <span class='ocrx_word' id='word_1_25' title='bbox 529 676 604 754; x_wconf 99' lang='grc'>914,</span> <span class='ocrx_word' id='word_1_26' title='bbox 628 693 658 756; x_wconf 92' lang='lat' dir='ltr'>p.</span> <span class='ocrx_word' id='word_1_27' title='bbox 677 676 748 741; x_wconf 88' lang='lat'>191.</span> <span class='ocrx_word' id='word_1_28' title='bbox 788 671 892 753; x_wconf 86' lang='grc' dir='ltr'>0[νέν</span> <span class='ocrx_word' id='word_1_29' title='bbox 914 669 980 761; x_wconf 72' lang='lat' dir='ltr'>alni</span> <span class='ocrx_word' id='word_1_30' title='bbox 1003 671 1149 739; x_wconf 84' lang='grc' dir='ltr'><em>καλαίὸα</em></span> <span class='ocrx_word' id='word_1_31' title='bbox 1172 677 1227 739; x_wconf 77' lang='grc' dir='ltr'>σᾶν</span> <span class='ocrx_word' id='word_1_32' title='bbox 1243 671 1355 739; x_wconf 82' lang='grc' dir='ltr'><em>Λααοῖ</em></span> <span class='ocrx_word' id='word_1_33' title='bbox 1375 671 1440 761; x_wconf 74' lang='lat' dir='ltr'>uolt</span> 
     </span>
    </p>
   </div>
   <div class='ocr_carea' id='block_1_3' title="bbox 166 778 1452 4301">
    <p class='ocr_par' dir='ltr' id='par_1_3' title="bbox 166 778 1445 1832">
     <span class='ocr_line' id='line_1_5' title="bbox 173 778 1439 869; baseline -0.001 -22"><span class='ocrx_word' id='word_1_34' title='bbox 173 780 352 866; x_wconf 80' lang='grc' dir='ltr'>Ἂρσάμοσο,</span> <span class='ocrx_word' id='word_1_35' title='bbox 386 778 495 846; x_wconf 83' lang='grc' dir='ltr'><em>ἄλλον</em></span> <span class='ocrx_word' id='word_1_36' title='bbox 524 778 683 869; x_wconf 75' lang='grc' dir='ltr'><em>φερνίὰν</em></span> <span class='ocrx_word' id='word_1_37' title='bbox 711 784 773 846; x_wconf 79' lang='grc' dir='ltr'>τῶι</span> <span class='ocrx_word' id='word_1_38' title='bbox 804 779 887 845; x_wconf 69' lang='lat' dir='ltr'>droit</span> <span class='ocrx_word' id='word_1_39' title='bbox 909 779 1035 864; x_wconf 73' lang='grc' dir='ltr'><em>κραλᾶν</em></span> <span class='ocrx_word' id='word_1_40' title='bbox 1057 779 1266 868; x_wconf 72' lang='grc' dir='ltr'>με’ὁιίμμνον,</span> <span class='ocrx_word' id='word_1_41' title='bbox 1299 785 1439 864; x_wconf 80' lang='grc' dir='ltr'><em>σπορῶν</em></span> 
     </span>
     <span class='ocr_line' id='line_1_6' title="bbox 167 885 1442 978; baseline -0.001 -25"><span class='ocrx_word' id='word_1_42' title='bbox 167 888 385 978; x_wconf 69' lang='grc' dir='ltr'><em>ἡμίὸνμμίνον</em></span> <span class='ocrx_word' id='word_1_43' title='bbox 401 938 409 953; x_wconf 90' lang='grc'><strong>.</strong></span> <span class='ocrx_word' id='word_1_44' title='bbox 428 942 460 956; x_wconf 94' lang='grc'>..</span> <span class='ocrx_word' id='word_1_45' title='bbox 486 889 541 954; x_wconf 79' lang='grc' dir='ltr'>ἐπί</span> <span class='ocrx_word' id='word_1_46' title='bbox 569 892 630 953; x_wconf 82' lang='grc' dir='ltr'>σοῦ</span> <span class='ocrx_word' id='word_1_47' title='bbox 653 886 782 976; x_wconf 73' lang='grc' dir='ltr'><em>βίωμοῦ</em></span> <span class='ocrx_word' id='word_1_48' title='bbox 806 891 868 953; x_wconf 80' lang='grc' dir='ltr'>σοῦ</span> <span class='ocrx_word' id='word_1_49' title='bbox 898 885 1101 953; x_wconf 78' lang='grc' dir='ltr'>Ἀσκλανοιοῦ</span> <span class='ocrx_word' id='word_1_50' title='bbox 1125 885 1220 976; x_wconf 63' lang='lat' dir='ltr'>doleia</span> <span class='ocrx_word' id='word_1_51' title='bbox 1246 892 1355 954; x_wconf 76' lang='lat' dir='ltr'>rodco</span> <span class='ocrx_word' id='word_1_52' title='bbox 1385 889 1442 953; x_wconf 87' lang='grc' dir='ltr'>καὶ</span> 
     </span>
     <span class='ocr_line' id='line_1_7' title="bbox 166 991 1441 1085; baseline -0.004 -23"><span class='ocrx_word' id='word_1_53' title='bbox 166 995 313 1062; x_wconf 83' lang='grc' dir='ltr'><em>καλαίόα</em></span> <span class='ocrx_word' id='word_1_54' title='bbox 331 993 498 1085; x_wconf 62' lang='lat' dir='ltr'>deditarum</span> <span class='ocrx_word' id='word_1_55' title='bbox 514 999 577 1061; x_wconf 79' lang='grc' dir='ltr'>τῶν</span> <span class='ocrx_word' id='word_1_56' title='bbox 595 993 800 1061; x_wconf 82' lang='grc' dir='ltr'><em>Ἀσκλαποῶι</em></span> <span class='ocrx_word' id='word_1_57' title='bbox 816 993 977 1083; x_wconf 81' lang='grc' dir='ltr'><em>φερΙνὰν</em></span> <span class='ocrx_word' id='word_1_58' title='bbox 993 995 1118 1078; x_wconf 72' lang='grc' dir='ltr'><em>κραλᾶν</em></span> <span class='ocrx_word' id='word_1_59' title='bbox 1133 994 1332 1079; x_wconf 84' lang='grc' dir='ltr'>μὲὁιμμνον,</span> <span class='ocrx_word' id='word_1_60' title='bbox 1350 991 1441 1080; x_wconf 73' lang='grc' dir='ltr'><em>σίνον-</em></span> 
     </span>
     <span class='ocr_line' id='line_1_8' title="bbox 168 1101 1440 1187; baseline 0 -19"><span class='ocrx_word' id='word_1_61' title='bbox 168 1108 239 1187; x_wconf 85' lang='grc' dir='ltr'>ρών</span> <span class='ocrx_word' id='word_1_62' title='bbox 276 1101 493 1187; x_wconf 82' lang='grc' dir='ltr'>ημίὸιμμνον,</span> <span class='ocrx_word' id='word_1_63' title='bbox 529 1102 624 1167; x_wconf 82' lang='grc' dir='ltr'><strong><em>οἴνου</em></strong></span> <span class='ocrx_word' id='word_1_64' title='bbox 658 1103 813 1185; x_wconf 82' lang='grc' dir='ltr'><em>ἡμίσειαν</em></span> <span class='ocrx_word' id='word_1_65' title='bbox 830 1157 837 1171; x_wconf 89' lang='grc'><strong>.</strong></span> <span class='ocrx_word' id='word_1_66' title='bbox 855 1153 888 1170; x_wconf 92' lang='grc'>..</span> <span class='ocrx_word' id='word_1_67' title='bbox 936 1103 1104 1170; x_wconf 88' lang='lat' dir='ltr'>Nonnullis</span> <span class='ocrx_word' id='word_1_68' title='bbox 1133 1104 1182 1169; x_wconf 90' lang='lat' dir='ltr'>dis</span> <span class='ocrx_word' id='word_1_69' title='bbox 1213 1123 1305 1170; x_wconf 87' lang='lat' dir='ltr'>sacra</span> <span class='ocrx_word' id='word_1_70' title='bbox 1329 1101 1440 1182; x_wconf 87' lang='lat' dir='ltr'>fiunto,</span> 
     </span>
     <span class='ocr_line' id='line_1_9' title="bbox 169 1209 1440 1294; baseline 0.001 -19"><span class='ocrx_word' id='word_1_71' title='bbox 169 1212 276 1294; x_wconf 79' lang='grc' dir='ltr'><em>φερνή</em></span> <span class='ocrx_word' id='word_1_72' title='bbox 307 1211 407 1292; x_wconf 83' lang='lat' dir='ltr'>igitur</span> <span class='ocrx_word' id='word_1_73' title='bbox 435 1231 499 1277; x_wconf 94' lang='lat' dir='ltr'>non</span> <span class='ocrx_word' id='word_1_74' title='bbox 529 1217 579 1277; x_wconf 90' lang='lat' dir='ltr'>est</span> <span class='ocrx_word' id='word_1_75' title='bbox 609 1210 676 1291; x_wconf 79' lang='lat' dir='ltr'>dos,</span> <span class='ocrx_word' id='word_1_76' title='bbox 707 1212 764 1277; x_wconf 87' lang='lat' dir='ltr'>sed</span> <span class='ocrx_word' id='word_1_77' title='bbox 792 1211 928 1294; x_wconf 86' lang='lat' dir='ltr'>simplex</span> <span class='ocrx_word' id='word_1_78' title='bbox 956 1212 1073 1276; x_wconf 93' lang='lat' dir='ltr'>donum</span> <span class='ocrx_word' id='word_1_79' title='bbox 1104 1209 1440 1294; x_wconf 67' lang='grc' dir='ltr'>,,ηοο(1ςοέρεααί“)ο</span> 
     </span>
     <span class='ocr_line' id='line_1_10' title="bbox 166 1318 1443 1403; baseline -0.001 -19"><span class='ocrx_word' id='word_1_80' title='bbox 166 1319 273 1384; x_wconf 82' lang='lat' dir='ltr'>Etiam</span> <span class='ocrx_word' id='word_1_81' title='bbox 303 1318 444 1385; x_wconf 91' lang='lat' dir='ltr'>Aeoles</span> <span class='ocrx_word' id='word_1_82' title='bbox 474 1338 551 1385; x_wconf 87' lang='lat' dir='ltr'>voce</span> <span class='ocrx_word' id='word_1_83' title='bbox 580 1319 687 1401; x_wconf 80' lang='grc' dir='ltr'><em>φερνή</em></span> <span class='ocrx_word' id='word_1_84' title='bbox 716 1319 766 1384; x_wconf 90' lang='lat' dir='ltr'>usi</span> <span class='ocrx_word' id='word_1_85' title='bbox 795 1324 880 1403; x_wconf 80' lang='lat' dir='ltr'>sunt,</span> <span class='ocrx_word' id='word_1_86' title='bbox 917 1319 1005 1385; x_wconf 92' lang='lat' dir='ltr'>cuius</span> <span class='ocrx_word' id='word_1_87' title='bbox 1034 1319 1135 1384; x_wconf 91' lang='lat' dir='ltr'>forma</span> <span class='ocrx_word' id='word_1_88' title='bbox 1165 1320 1251 1401; x_wconf 88' lang='lat' dir='ltr'>apud</span> <span class='ocrx_word' id='word_1_89' title='bbox 1281 1336 1336 1384; x_wconf 89' lang='lat' dir='ltr'>eos</span> <span class='ocrx_word' id='word_1_90' title='bbox 1372 1323 1443 1383; x_wconf 89' lang='lat' dir='ltr'>erat</span> 
     </span>
     <span class='ocr_line' id='line_1_11' title="bbox 169 1423 1441 1508; baseline 0.001 -18"><span class='ocrx_word' id='word_1_91' title='bbox 169 1426 305 1508; x_wconf 81' lang='grc' dir='ltr'><em>φέρενα,</em></span> <span class='ocrx_word' id='word_1_92' title='bbox 343 1425 381 1491; x_wconf 87' lang='lat' dir='ltr'>cf.</span> <span class='ocrx_word' id='word_1_93' title='bbox 411 1427 586 1492; x_wconf 90' lang='lat' dir='ltr'>Herodian.</span> <span class='ocrx_word' id='word_1_94' title='bbox 620 1445 654 1494; x_wconf 84' lang='grc' dir='ltr'>α.</span> <span class='ocrx_word' id='word_1_95' title='bbox 678 1447 754 1508; x_wconf 87' lang='grc' dir='ltr'>μον.</span> <span class='ocrx_word' id='word_1_96' title='bbox 779 1424 844 1508; x_wconf 82' lang='grc' dir='ltr'><em>λεξ.</em></span> <span class='ocrx_word' id='word_1_97' title='bbox 869 1423 918 1507; x_wconf 94' lang='grc' dir='ltr'>Π,</span> <span class='ocrx_word' id='word_1_98' title='bbox 946 1446 977 1508; x_wconf 90' lang='lat' dir='ltr'>p.</span> <span class='ocrx_word' id='word_1_99' title='bbox 996 1427 1113 1490; x_wconf 85' lang='lat'>939.9</span> <span class='ocrx_word' id='word_1_100' title='bbox 1144 1426 1284 1508; x_wconf 82' lang='grc' dir='ltr'><em>φέρενα·</em></span> <span class='ocrx_word' id='word_1_101' title='bbox 1324 1424 1441 1507; x_wconf 81' lang='grc' dir='ltr'><em>φερνή.</em></span> 
     </span>
     <span class='ocr_line' id='line_1_12' title="bbox 168 1530 1441 1617; baseline 0.002 -21"><span class='ocrx_word' id='word_1_102' title='bbox 168 1530 306 1614; x_wconf 80' lang='grc' dir='ltr'><em>Αἰολεῖς</em></span> <span class='ocrx_word' id='word_1_103' title='bbox 330 1531 368 1598; x_wconf 82' lang='lat' dir='ltr'>dd</span> <span class='ocrx_word' id='word_1_104' title='bbox 392 1533 538 1616; x_wconf 80' lang='grc' dir='ltr'><em>φέρσναν</em></span> <span class='ocrx_word' id='word_1_105' title='bbox 562 1532 669 1616; x_wconf 76' lang='grc' dir='ltr'><em>αὐτην</em></span> <span class='ocrx_word' id='word_1_106' title='bbox 692 1531 847 1613; x_wconf 77' lang='grc' dir='ltr'>λέγουσιν</span> <span class='ocrx_word' id='word_1_107' title='bbox 870 1531 999 1617; x_wconf 86' lang='grc' dir='ltr'><em>ὁμοίως</em></span> <span class='ocrx_word' id='word_1_108' title='bbox 1014 1537 1056 1616; x_wconf 80' lang='grc' dir='ltr'>σῇ</span> <span class='ocrx_word' id='word_1_109' title='bbox 1073 1531 1228 1613; x_wconf 82' lang='grc' dir='ltr'><em>Ἕλεναν,</em></span> <span class='ocrx_word' id='word_1_110' title='bbox 1253 1534 1321 1598; x_wconf 92' lang='lat' dir='ltr'>sim.</span> <span class='ocrx_word' id='word_1_111' title='bbox 1347 1541 1441 1615; x_wconf 83' lang='lat' dir='ltr'>etym.</span> 
     </span>
     <span class='ocr_line' id='line_1_13' title="bbox 167 1640 1445 1724; baseline -0.001 -19"><span class='ocrx_word' id='word_1_112' title='bbox 167 1660 272 1722; x_wconf 77' lang='lat' dir='ltr'>magn.</span> <span class='ocrx_word' id='word_1_113' title='bbox 309 1660 340 1723; x_wconf 95' lang='lat' dir='ltr'>p.</span> <span class='ocrx_word' id='word_1_114' title='bbox 363 1642 438 1707; x_wconf 87' lang='grc'>790.</span> <span class='ocrx_word' id='word_1_115' title='bbox 463 1643 515 1707; x_wconf 89' lang='grc'>41.</span> <span class='ocrx_word' id='word_1_116' title='bbox 575 1642 623 1705; x_wconf 91' lang='lat' dir='ltr'>De</span> <span class='ocrx_word' id='word_1_117' title='bbox 657 1640 849 1707; x_wconf 85' lang='lat' dir='ltr'>formatione</span> <span class='ocrx_word' id='word_1_118' title='bbox 883 1642 956 1708; x_wconf 86' lang='lat' dir='ltr'>vide</span> <span class='ocrx_word' id='word_1_119' title='bbox 990 1640 1174 1718; x_wconf 84' lang='lat' dir='ltr'>Hoffmann,</span> <span class='ocrx_word' id='word_1_120' title='bbox 1211 1660 1256 1724; x_wconf 87' lang='lat' dir='ltr'>gr.</span> <span class='ocrx_word' id='word_1_121' title='bbox 1291 1640 1374 1706; x_wconf 89' lang='lat' dir='ltr'>Dial.</span> <span class='ocrx_word' id='word_1_122' title='bbox 1399 1641 1445 1721; x_wconf 93' lang='grc' dir='ltr'>ΙΙ,</span> 
     </span>
     <span class='ocr_line' id='line_1_14' title="bbox 167 1747 1113 1832; baseline 0.002 -20"><span class='ocrx_word' id='word_1_123' title='bbox 167 1769 198 1832; x_wconf 90' lang='lat' dir='ltr'>p.</span> <span class='ocrx_word' id='word_1_124' title='bbox 218 1751 282 1813; x_wconf 81' lang='lat'>248</span> <span class='ocrx_word' id='word_1_125' title='bbox 307 1754 340 1814; x_wconf 90' lang='lat' dir='ltr'>et</span> <span class='ocrx_word' id='word_1_126' title='bbox 365 1749 438 1814; x_wconf 81' lang='lat'>529.</span> <span class='ocrx_word' id='word_1_127' title='bbox 487 1749 569 1827; x_wconf 81' lang='lat' dir='ltr'>Quid</span> <span class='ocrx_word' id='word_1_128' title='bbox 592 1747 824 1831; x_wconf 82' lang='lat' dir='ltr'>significaverit</span> <span class='ocrx_word' id='word_1_129' title='bbox 848 1769 919 1829; x_wconf 84' lang='lat' dir='ltr'>vox,</span> <span class='ocrx_word' id='word_1_130' title='bbox 945 1750 1113 1816; x_wconf 88' lang='lat' dir='ltr'>nescimus.</span> 
     </span>
    </p>

    <p class='ocr_par' dir='ltr' id='par_1_4' title="bbox 169 1854 1447 3441">
     <span class='ocr_line' id='line_1_15' title="bbox 276 1854 1443 1939; baseline -0.002 -19"><span class='ocrx_word' id='word_1_131' title='bbox 276 1857 392 1921; x_wconf 91' lang='lat' dir='ltr'>Dotem</span> <span class='ocrx_word' id='word_1_132' title='bbox 421 1863 529 1921; x_wconf 89' lang='lat' dir='ltr'>autem</span> <span class='ocrx_word' id='word_1_133' title='bbox 552 1854 714 1936; x_wconf 84' lang='lat' dir='ltr'>significat</span> <span class='ocrx_word' id='word_1_134' title='bbox 739 1858 845 1939; x_wconf 81' lang='grc' dir='ltr'><strong><em>φερνή</em></strong></span> <span class='ocrx_word' id='word_1_135' title='bbox 870 1858 956 1938; x_wconf 84' lang='lat' dir='ltr'>apud</span> <span class='ocrx_word' id='word_1_136' title='bbox 979 1857 1093 1923; x_wconf 88' lang='lat' dir='ltr'>Iones</span> <span class='ocrx_word' id='word_1_137' title='bbox 1117 1856 1236 1922; x_wconf 91' lang='lat' dir='ltr'>Herod.</span> <span class='ocrx_word' id='word_1_138' title='bbox 1261 1854 1286 1922; x_wconf 92' lang='grc' dir='ltr'>Ι.</span> <span class='ocrx_word' id='word_1_139' title='bbox 1312 1855 1367 1919; x_wconf 84' lang='grc'>93;</span> <span class='ocrx_word' id='word_1_140' title='bbox 1408 1856 1443 1919; x_wconf 82' lang='grc' dir='ltr'>αἱ</span> 
     </span>
     <span class='ocr_line' id='line_1_16' title="bbox 169 1961 1443 2047; baseline -0.001 -19"><span class='ocrx_word' id='word_1_141' title='bbox 169 1961 357 2046; x_wconf 67' lang='grc' dir='ltr'><em>θυγατέρες</em></span> <span class='ocrx_word' id='word_1_142' title='bbox 380 1963 606 2046; x_wconf 78' lang='grc' dir='ltr'><em>πορνεύονται</em></span> <span class='ocrx_word' id='word_1_143' title='bbox 620 1966 727 2028; x_wconf 78' lang='grc' dir='ltr'><em>πᾶσαν</em></span> <span class='ocrx_word' id='word_1_144' title='bbox 746 1962 969 2045; x_wconf 80' lang='grc' dir='ltr'><em>σολλέγονσαί</em></span> <span class='ocrx_word' id='word_1_145' title='bbox 988 1984 1081 2047; x_wconf 81' lang='grc' dir='ltr'><em>σφισι</em></span> <span class='ocrx_word' id='word_1_146' title='bbox 1104 1961 1267 2046; x_wconf 81' lang='grc' dir='ltr'><em>φερνάς.</em></span> <span class='ocrx_word' id='word_1_147' title='bbox 1307 1962 1443 2027; x_wconf 85' lang='lat' dir='ltr'>Eodem·</span> 
     </span>
     <span class='ocr_line' id='line_1_17' title="bbox 171 2070 1442 2155; baseline 0 -21"><span class='ocrx_word' id='word_1_148' title='bbox 171 2089 232 2153; x_wconf 89' lang='lat' dir='ltr'>que</span> <span class='ocrx_word' id='word_1_149' title='bbox 258 2088 353 2136; x_wconf 90' lang='lat' dir='ltr'>sensu</span> <span class='ocrx_word' id='word_1_150' title='bbox 378 2072 463 2153; x_wconf 89' lang='lat' dir='ltr'>apud</span> <span class='ocrx_word' id='word_1_151' title='bbox 484 2072 636 2137; x_wconf 88' lang='lat' dir='ltr'>Atticos</span> <span class='ocrx_word' id='word_1_152' title='bbox 660 2071 834 2152; x_wconf 86' lang='lat' dir='ltr'>scriptores</span> <span class='ocrx_word' id='word_1_153' title='bbox 857 2072 978 2155; x_wconf 85' lang='lat' dir='ltr'>legitur</span> <span class='ocrx_word' id='word_1_154' title='bbox 1000 2073 1051 2137; x_wconf 91' lang='lat' dir='ltr'>his</span> <span class='ocrx_word' id='word_1_155' title='bbox 1075 2072 1168 2137; x_wconf 92' lang='lat' dir='ltr'>locis:</span> <span class='ocrx_word' id='word_1_156' title='bbox 1202 2070 1348 2151; x_wconf 87' lang='lat' dir='ltr'>Xenoph.</span> <span class='ocrx_word' id='word_1_157' title='bbox 1366 2070 1442 2136; x_wconf 90' lang='lat' dir='ltr'>inst.</span> 
     </span>
     <span class='ocr_line' id='line_1_18' title="bbox 170 2173 1445 2263; baseline -0.002 -20"><span class='ocrx_word' id='word_1_158' title='bbox 170 2177 254 2263; x_wconf 82' lang='lat' dir='ltr'>Gyri.</span> <span class='ocrx_word' id='word_1_159' title='bbox 273 2180 302 2244; x_wconf 92' lang='lat'>8.</span> <span class='ocrx_word' id='word_1_160' title='bbox 329 2181 358 2243; x_wconf 84' lang='lat'>5.</span> <span class='ocrx_word' id='word_1_161' title='bbox 386 2182 424 2242; x_wconf 84' lang='lat'>19</span> <span class='ocrx_word' id='word_1_162' title='bbox 462 2176 641 2260; x_wconf 77' lang='grc' dir='ltr'><em>ἐπιδίδωμί</em></span> <span class='ocrx_word' id='word_1_163' title='bbox 671 2176 709 2244; x_wconf 79' lang='lat' dir='ltr'>dd</span> <span class='ocrx_word' id='word_1_164' title='bbox 737 2178 822 2262; x_wconf 76' lang='grc' dir='ltr'><em>αὐτῇ</em></span> <span class='ocrx_word' id='word_1_165' title='bbox 852 2178 917 2260; x_wconf 81' lang='grc' dir='ltr'>ἐγὼ</span> <span class='ocrx_word' id='word_1_166' title='bbox 945 2180 1001 2244; x_wconf 88' lang='grc' dir='ltr'>καί</span> <span class='ocrx_word' id='word_1_167' title='bbox 1033 2176 1187 2262; x_wconf 84' lang='grc' dir='ltr'><em>φερνὴν</em></span> <span class='ocrx_word' id='word_1_168' title='bbox 1216 2173 1354 2259; x_wconf 84' lang='grc' dir='ltr'><em>Μηὸίαν</em></span> <span class='ocrx_word' id='word_1_169' title='bbox 1382 2175 1445 2258; x_wconf 83' lang='grc' dir='ltr'>σὴν</span> 
     </span>
     <span class='ocr_line' id='line_1_19' title="bbox 169 2281 1444 2370; baseline -0.005 -20"><span class='ocrx_word' id='word_1_170' title='bbox 169 2290 296 2351; x_wconf 80' lang='grc' dir='ltr'><em>πᾶσαν.</em></span> <span class='ocrx_word' id='word_1_171' title='bbox 342 2287 490 2352; x_wconf 88' lang='lat' dir='ltr'>Aeschin.</span> <span class='ocrx_word' id='word_1_172' title='bbox 516 2304 551 2351; x_wconf 80' lang='grc' dir='ltr'>α.</span> <span class='ocrx_word' id='word_1_173' title='bbox 575 2306 728 2370; x_wconf 82' lang='grc' dir='ltr'><em>ααρααρ.</em></span> <span class='ocrx_word' id='word_1_174' title='bbox 753 2289 793 2352; x_wconf 88' lang='lat'>31</span> <span class='ocrx_word' id='word_1_175' title='bbox 825 2288 902 2370; x_wconf 79' lang='grc' dir='ltr'><em>περί</em></span> <span class='ocrx_word' id='word_1_176' title='bbox 924 2287 987 2370; x_wconf 86' lang='grc' dir='ltr'>μὲν</span> <span class='ocrx_word' id='word_1_177' title='bbox 1011 2283 1072 2351; x_wconf 77' lang='grc' dir='ltr'>οὖν</span> <span class='ocrx_word' id='word_1_178' title='bbox 1095 2290 1157 2368; x_wconf 79' lang='grc' dir='ltr'>τῆς</span> <span class='ocrx_word' id='word_1_179' title='bbox 1181 2282 1218 2366; x_wconf 82' lang='grc' dir='ltr'>ἐξ</span> <span class='ocrx_word' id='word_1_180' title='bbox 1239 2281 1345 2364; x_wconf 85' lang='grc' dir='ltr'><em>ἀρχῆς</em></span> <span class='ocrx_word' id='word_1_181' title='bbox 1367 2281 1444 2362; x_wconf 79' lang='grc' dir='ltr'><em>κνη-</em></span> 
     </span>
     <span class='ocr_line' id='line_1_20' title="bbox 171 2386 1447 2477; baseline -0.007 -18"><span class='ocrx_word' id='word_1_182' title='bbox 171 2412 259 2473; x_wconf 80' lang='grc' dir='ltr'><em>σεως</em></span> <span class='ocrx_word' id='word_1_183' title='bbox 292 2397 354 2476; x_wconf 79' lang='grc' dir='ltr'>τῆς</span> <span class='ocrx_word' id='word_1_184' title='bbox 379 2393 496 2477; x_wconf 87' lang='grc' dir='ltr'><em>χώρας</em></span> <span class='ocrx_word' id='word_1_185' title='bbox 524 2395 581 2459; x_wconf 86' lang='grc' dir='ltr'>καί</span> <span class='ocrx_word' id='word_1_186' title='bbox 608 2397 679 2458; x_wconf 77' lang='grc' dir='ltr'>τῶν</span> <span class='ocrx_word' id='word_1_187' title='bbox 709 2392 847 2476; x_wconf 79' lang='grc' dir='ltr'><em>Θησέως</em></span> <span class='ocrx_word' id='word_1_188' title='bbox 875 2393 1020 2473; x_wconf 77' lang='grc' dir='ltr'><em>παίδων,</em></span> <span class='ocrx_word' id='word_1_189' title='bbox 1057 2391 1106 2458; x_wconf 84' lang='grc' dir='ltr'>ῶν</span> <span class='ocrx_word' id='word_1_190' title='bbox 1140 2388 1289 2472; x_wconf 81' lang='grc' dir='ltr'><strong><em>Ἀκάμας</em></strong></span> <span class='ocrx_word' id='word_1_191' title='bbox 1316 2386 1447 2469; x_wconf 77' lang='grc' dir='ltr'><em>λέγεται</em></span> 
     </span>
     <span class='ocr_line' id='line_1_21' title="bbox 173 2493 1446 2584; baseline -0.005 -20"><span class='ocrx_word' id='word_1_192' title='bbox 173 2499 328 2582; x_wconf 81' lang='grc' dir='ltr'><em>φερνὴν</em></span> <span class='ocrx_word' id='word_1_193' title='bbox 358 2499 413 2564; x_wconf 79' lang='grc' dir='ltr'>ἐπὶ</span> <span class='ocrx_word' id='word_1_194' title='bbox 440 2504 481 2583; x_wconf 81' lang='grc' dir='ltr'>τῇ</span> <span class='ocrx_word' id='word_1_195' title='bbox 506 2501 637 2581; x_wconf 80' lang='grc' dir='ltr'><em>γυναικί</em></span> <span class='ocrx_word' id='word_1_196' title='bbox 666 2499 785 2584; x_wconf 82' lang='grc' dir='ltr'><em>λαβεῖν</em></span> <span class='ocrx_word' id='word_1_197' title='bbox 816 2499 878 2583; x_wconf 83' lang='grc' dir='ltr'>σὴν</span> <span class='ocrx_word' id='word_1_198' title='bbox 904 2501 1022 2584; x_wconf 89' lang='grc' dir='ltr'><em>χώραν</em></span> <span class='ocrx_word' id='word_1_199' title='bbox 1050 2500 1178 2582; x_wconf 76' lang='grc' dir='ltr'><em>ταύτην</em></span> <span class='ocrx_word' id='word_1_200' title='bbox 1196 2553 1202 2566; x_wconf 92' lang='grc'><strong>.</strong></span> <span class='ocrx_word' id='word_1_201' title='bbox 1222 2546 1253 2566; x_wconf 93' lang='grc'>..</span> <span class='ocrx_word' id='word_1_202' title='bbox 1279 2494 1357 2560; x_wconf 76' lang='grc' dir='ltr'><strong><em>τότε</em></strong></span> <span class='ocrx_word' id='word_1_203' title='bbox 1383 2493 1446 2576; x_wconf 83' lang='grc' dir='ltr'>μὲν</span> 
     </span>
     <span class='ocr_line' id='line_1_22' title="bbox 173 2603 1444 2691; baseline -0.006 -19"><span class='ocrx_word' id='word_1_204' title='bbox 173 2605 322 2689; x_wconf 76' lang='grc' dir='ltr'>ἥρμοττε</span> <span class='ocrx_word' id='word_1_205' title='bbox 338 2605 454 2688; x_wconf 74' lang='grc' dir='ltr'><em>λέγειν.</em></span> <span class='ocrx_word' id='word_1_206' title='bbox 493 2608 613 2673; x_wconf 87' lang='lat' dir='ltr'>Unicus</span> <span class='ocrx_word' id='word_1_207' title='bbox 637 2608 689 2673; x_wconf 88' lang='lat' dir='ltr'>hic</span> <span class='ocrx_word' id='word_1_208' title='bbox 713 2609 801 2674; x_wconf 91' lang='lat' dir='ltr'>locus</span> <span class='ocrx_word' id='word_1_209' title='bbox 826 2614 875 2674; x_wconf 91' lang='lat' dir='ltr'>est</span> <span class='ocrx_word' id='word_1_210' title='bbox 892 2610 977 2690; x_wconf 88' lang='lat' dir='ltr'>apud</span> <span class='ocrx_word' id='word_1_211' title='bbox 994 2610 1184 2691; x_wconf 86' lang='lat' dir='ltr'>scriptorem</span> <span class='ocrx_word' id='word_1_212' title='bbox 1201 2624 1276 2672; x_wconf 85' lang='lat' dir='ltr'>uere</span> <span class='ocrx_word' id='word_1_213' title='bbox 1292 2603 1444 2682; x_wconf 78' lang='lat' dir='ltr'>Atticum,</span> 
     </span>
     <span class='ocr_line' id='line_1_23' title="bbox 173 2708 1447 2795; baseline -0.005 -16"><span class='ocrx_word' id='word_1_214' title='bbox 173 2733 272 2795; x_wconf 89' lang='lat' dir='ltr'>quare</span> <span class='ocrx_word' id='word_1_215' title='bbox 295 2715 411 2780; x_wconf 85' lang='lat' dir='ltr'>Pollux</span> <span class='ocrx_word' id='word_1_216' title='bbox 435 2716 476 2780; x_wconf 87' lang='lat' dir='ltr'>ad</span> <span class='ocrx_word' id='word_1_217' title='bbox 500 2735 571 2779; x_wconf 93' lang='lat' dir='ltr'>eum</span> <span class='ocrx_word' id='word_1_218' title='bbox 595 2716 734 2782; x_wconf 90' lang='lat' dir='ltr'>recurrit</span> <span class='ocrx_word' id='word_1_219' title='bbox 757 2716 790 2781; x_wconf 94' lang='lat' dir='ltr'>in</span> <span class='ocrx_word' id='word_1_220' title='bbox 815 2718 1065 2783; x_wconf 87' lang='lat' dir='ltr'>commendanda</span> <span class='ocrx_word' id='word_1_221' title='bbox 1088 2735 1164 2782; x_wconf 87' lang='lat' dir='ltr'>voce</span> <span class='ocrx_word' id='word_1_222' title='bbox 1188 2713 1309 2778; x_wconf 85' lang='lat'>111.35</span> <span class='ocrx_word' id='word_1_223' title='bbox 1337 2708 1447 2790; x_wconf 79' lang='grc' dir='ltr'><em>λέγοις</em></span> 
     </span>
     <span class='ocr_line' id='line_1_24' title="bbox 173 2815 1447 2906; baseline -0.005 -21"><span class='ocrx_word' id='word_1_224' title='bbox 173 2818 206 2884; x_wconf 80' lang='grc' dir='ltr'>δ’</span> <span class='ocrx_word' id='word_1_225' title='bbox 225 2819 267 2886; x_wconf 85' lang='grc' dir='ltr'>ἂν</span> <span class='ocrx_word' id='word_1_226' title='bbox 290 2827 417 2904; x_wconf 79' lang='grc' dir='ltr'><em>προῖκα</em></span> <span class='ocrx_word' id='word_1_227' title='bbox 441 2823 498 2887; x_wconf 85' lang='grc' dir='ltr'>καί</span> <span class='ocrx_word' id='word_1_228' title='bbox 522 2822 651 2906; x_wconf 80' lang='grc' dir='ltr'><em>φερνὴν</em></span> <span class='ocrx_word' id='word_1_229' title='bbox 674 2822 736 2904; x_wconf 78' lang='grc' dir='ltr'>τὴν</span> <span class='ocrx_word' id='word_1_230' title='bbox 759 2821 855 2905; x_wconf 79' lang='grc' dir='ltr'><em>παρὰ</em></span> <span class='ocrx_word' id='word_1_231' title='bbox 878 2827 940 2906; x_wconf 76' lang='grc' dir='ltr'>τῆς</span> <span class='ocrx_word' id='word_1_232' title='bbox 962 2821 1120 2904; x_wconf 79' lang='grc' dir='ltr'><em>γυναικὸς</em></span> <span class='ocrx_word' id='word_1_233' title='bbox 1145 2819 1249 2886; x_wconf 73' lang='lat' dir='ltr'>docco.</span> <span class='ocrx_word' id='word_1_234' title='bbox 1286 2815 1447 2898; x_wconf 80' lang='grc' dir='ltr'><em>Αἰσχίνης</em></span> 
     </span>
     <span class='ocr_line' id='line_1_25' title="bbox 176 2925 1446 3013; baseline -0.002 -21"><span class='ocrx_word' id='word_1_235' title='bbox 176 2927 238 3012; x_wconf 81' lang='grc' dir='ltr'>γὰρ</span> <span class='ocrx_word' id='word_1_236' title='bbox 264 2927 417 3011; x_wconf 80' lang='grc' dir='ltr'><em>ὁρηνωρ</em></span> <span class='ocrx_word' id='word_1_237' title='bbox 441 2928 504 3012; x_wconf 77' lang='grc' dir='ltr'>τὴν</span> <span class='ocrx_word' id='word_1_238' title='bbox 526 2934 653 3011; x_wconf 76' lang='grc' dir='ltr'><em>προῖκα</em></span> <span class='ocrx_word' id='word_1_239' title='bbox 678 2930 806 3013; x_wconf 81' lang='grc' dir='ltr'><em>φερνὴν</em></span> <span class='ocrx_word' id='word_1_240' title='bbox 829 2928 935 2998; x_wconf 84' lang='grc' dir='ltr'><em>καλοῖ.</em></span> <span class='ocrx_word' id='word_1_241' title='bbox 975 2931 1120 3012; x_wconf 87' lang='lat' dir='ltr'>Denique</span> <span class='ocrx_word' id='word_1_242' title='bbox 1142 2930 1192 2995; x_wconf 89' lang='lat' dir='ltr'>bis</span> <span class='ocrx_word' id='word_1_243' title='bbox 1208 2927 1292 3010; x_wconf 90' lang='lat' dir='ltr'>apud</span> <span class='ocrx_word' id='word_1_244' title='bbox 1310 2925 1446 2991; x_wconf 90' lang='lat' dir='ltr'>comicos</span> 
     </span>
     <span class='ocr_line' id='line_1_26' title="bbox 174 3032 1445 3119; baseline -0.004 -17"><span class='ocrx_word' id='word_1_245' title='bbox 174 3041 288 3119; x_wconf 92' lang='lat' dir='ltr'>poetas</span> <span class='ocrx_word' id='word_1_246' title='bbox 306 3037 337 3101; x_wconf 94' lang='lat' dir='ltr'>in</span> <span class='ocrx_word' id='word_1_247' title='bbox 355 3037 601 3102; x_wconf 83' lang='lat' dir='ltr'>Anaxandridae</span> <span class='ocrx_word' id='word_1_248' title='bbox 617 3037 679 3119; x_wconf 85' lang='lat' dir='ltr'>ing.</span> <span class='ocrx_word' id='word_1_249' title='bbox 691 3040 744 3106; x_wconf 89' lang='lat'>41.</span> <span class='ocrx_word' id='word_1_250' title='bbox 763 3040 804 3103; x_wconf 81' lang='lat'>23</span> <span class='ocrx_word' id='word_1_251' title='bbox 822 3039 926 3119; x_wconf 87' lang='lat' dir='ltr'>(Kock</span> <span class='ocrx_word' id='word_1_252' title='bbox 941 3039 981 3103; x_wconf 93' lang='lat' dir='ltr'>ll.</span> <span class='ocrx_word' id='word_1_253' title='bbox 998 3039 1071 3119; x_wconf 81' lang='lat'>152,</span> <span class='ocrx_word' id='word_1_254' title='bbox 1095 3037 1170 3101; x_wconf 91' lang='lat' dir='ltr'>Mei.</span> <span class='ocrx_word' id='word_1_255' title='bbox 1184 3036 1241 3100; x_wconf 94' lang='grc' dir='ltr'>ΙΙΙ.</span> <span class='ocrx_word' id='word_1_256' title='bbox 1258 3032 1334 3114; x_wconf 88' lang='grc'>183)</span> <span class='ocrx_word' id='word_1_257' title='bbox 1351 3050 1445 3114; x_wconf 89' lang='lat' dir='ltr'>anap.</span> 
     </span>
     <span class='ocr_line' id='line_1_27' title="bbox 175 3138 1446 3227; baseline -0.006 -19"><span class='ocrx_word' id='word_1_258' title='bbox 175 3144 329 3226; x_wconf 83' lang='grc' dir='ltr'><em>φερνάς</em></span> <span class='ocrx_word' id='word_1_259' title='bbox 351 3161 388 3208; x_wconf 80' lang='grc' dir='ltr'>σε</span> <span class='ocrx_word' id='word_1_260' title='bbox 411 3142 529 3227; x_wconf 82' lang='grc' dir='ltr'><em>λαβεῖν</em></span> <span class='ocrx_word' id='word_1_261' title='bbox 553 3142 614 3208; x_wconf 82' lang='grc' dir='ltr'>δύο</span> <span class='ocrx_word' id='word_1_262' title='bbox 639 3144 702 3226; x_wconf 84' lang='grc' dir='ltr'>μὲν</span> <span class='ocrx_word' id='word_1_263' title='bbox 726 3143 865 3226; x_wconf 69' lang='grc' dir='ltr'><em>ξανθῶν</em></span> <span class='ocrx_word' id='word_1_264' title='bbox 886 3145 1003 3209; x_wconf 79' lang='grc' dir='ltr'><em>ἵππων</em></span> <span class='ocrx_word' id='word_1_265' title='bbox 1020 3142 1152 3226; x_wconf 79' lang='grc' dir='ltr'><em>ἀγέλας,</em></span> <span class='ocrx_word' id='word_1_266' title='bbox 1178 3149 1211 3208; x_wconf 90' lang='lat' dir='ltr'>et</span> <span class='ocrx_word' id='word_1_267' title='bbox 1227 3141 1258 3205; x_wconf 95' lang='lat' dir='ltr'>in</span> <span class='ocrx_word' id='word_1_268' title='bbox 1275 3138 1446 3205; x_wconf 89' lang='lat' dir='ltr'>Menandri</span> 
     </span>
     <span class='ocr_line' id='line_1_28' title="bbox 172 3248 1447 3338; baseline -0.005 -23"><span class='ocrx_word' id='word_1_269' title='bbox 172 3250 232 3332; x_wconf 83' lang='lat' dir='ltr'>frg.</span> <span class='ocrx_word' id='word_1_270' title='bbox 253 3253 337 3317; x_wconf 94' lang='grc'>1080</span> <span class='ocrx_word' id='word_1_271' title='bbox 362 3252 467 3337; x_wconf 83' lang='lat' dir='ltr'>(Kock</span> <span class='ocrx_word' id='word_1_272' title='bbox 482 3252 538 3317; x_wconf 92' lang='lat' dir='ltr'>Ill.</span> <span class='ocrx_word' id='word_1_273' title='bbox 559 3253 633 3334; x_wconf 80' lang='grc'>268,</span> <span class='ocrx_word' id='word_1_274' title='bbox 658 3253 734 3318; x_wconf 87' lang='lat' dir='ltr'>Mei.</span> <span class='ocrx_word' id='word_1_275' title='bbox 751 3252 805 3317; x_wconf 87' lang='lat' dir='ltr'>IV.</span> <span class='ocrx_word' id='word_1_276' title='bbox 824 3251 902 3338; x_wconf 86' lang='grc'>317)</span> <span class='ocrx_word' id='word_1_277' title='bbox 920 3259 1015 3335; x_wconf 88' lang='lat' dir='ltr'>etym.</span> <span class='ocrx_word' id='word_1_278' title='bbox 1032 3271 1138 3334; x_wconf 80' lang='lat' dir='ltr'>magn.</span> <span class='ocrx_word' id='word_1_279' title='bbox 1162 3270 1194 3333; x_wconf 93' lang='lat' dir='ltr'>p.</span> <span class='ocrx_word' id='word_1_280' title='bbox 1209 3251 1282 3313; x_wconf 90' lang='grc'>710.</span> <span class='ocrx_word' id='word_1_281' title='bbox 1300 3248 1341 3311; x_wconf 88' lang='lat'>49</span> <span class='ocrx_word' id='word_1_282' title='bbox 1368 3265 1447 3328; x_wconf 80' lang='grc' dir='ltr'><em>φερ-</em></span> 
     </span>
     <span class='ocr_line' id='line_1_29' title="bbox 173 3356 1148 3441; baseline 0 -18"><span class='ocrx_word' id='word_1_283' title='bbox 173 3358 238 3441; x_wconf 88' lang='grc' dir='ltr'>νην</span> <span class='ocrx_word' id='word_1_284' title='bbox 261 3357 299 3424; x_wconf 82' lang='lat' dir='ltr'>dd</span> <span class='ocrx_word' id='word_1_285' title='bbox 321 3358 384 3440; x_wconf 77' lang='grc' dir='ltr'>τὴν</span> <span class='ocrx_word' id='word_1_286' title='bbox 407 3365 533 3441; x_wconf 79' lang='grc' dir='ltr'><em>προῖκα</em></span> <span class='ocrx_word' id='word_1_287' title='bbox 557 3360 614 3423; x_wconf 84' lang='grc' dir='ltr'>καὶ</span> <span class='ocrx_word' id='word_1_288' title='bbox 636 3357 797 3441; x_wconf 83' lang='grc' dir='ltr'><em>Αἰσχίνης</em></span> <span class='ocrx_word' id='word_1_289' title='bbox 819 3359 876 3424; x_wconf 86' lang='grc' dir='ltr'>καὶ</span> <span class='ocrx_word' id='word_1_290' title='bbox 899 3356 1148 3440; x_wconf 78' lang='grc' dir='ltr'><em>Μένανδρος.</em></span> 
     </span>
    </p>

    <p class='ocr_par' dir='ltr' id='par_1_5' title="bbox 174 3459 1452 4301">
     <span class='ocr_line' id='line_1_30' title="bbox 281 3459 1445 3549; baseline -0.007 -18"><span class='ocrx_word' id='word_1_291' title='bbox 281 3467 494 3533; x_wconf 88' lang='lat' dir='ltr'>Athenienses</span> <span class='ocrx_word' id='word_1_292' title='bbox 523 3467 622 3532; x_wconf 93' lang='lat' dir='ltr'>etiam</span> <span class='ocrx_word' id='word_1_293' title='bbox 646 3466 876 3532; x_wconf 86' lang='lat' dir='ltr'>deminutivum</span> <span class='ocrx_word' id='word_1_294' title='bbox 898 3467 1036 3549; x_wconf 83' lang='grc' dir='ltr'><em>φερνίον</em></span> <span class='ocrx_word' id='word_1_295' title='bbox 1065 3465 1290 3542; x_wconf 87' lang='lat' dir='ltr'>adhibuerunt,</span> <span class='ocrx_word' id='word_1_296' title='bbox 1327 3461 1384 3527; x_wconf 93' lang='lat' dir='ltr'>sed</span> <span class='ocrx_word' id='word_1_297' title='bbox 1412 3459 1445 3523; x_wconf 92' lang='lat' dir='ltr'>id</span> 
     </span>
     <span class='ocr_line' id='line_1_31' title="bbox 175 3568 1448 3657; baseline -0.005 -19"><span class='ocrx_word' id='word_1_298' title='bbox 175 3574 303 3656; x_wconf 91' lang='lat' dir='ltr'>quidem</span> <span class='ocrx_word' id='word_1_299' title='bbox 321 3593 419 3640; x_wconf 89' lang='lat' dir='ltr'>sensu</span> <span class='ocrx_word' id='word_1_300' title='bbox 435 3574 530 3657; x_wconf 85' lang='lat' dir='ltr'>longe</span> <span class='ocrx_word' id='word_1_301' title='bbox 543 3575 670 3640; x_wconf 85' lang='lat' dir='ltr'>diverso</span> <span class='ocrx_word' id='word_1_302' title='bbox 684 3575 724 3640; x_wconf 91' lang='lat' dir='ltr'>de</span> <span class='ocrx_word' id='word_1_303' title='bbox 738 3575 937 3657; x_wconf 76' lang='lat' dir='ltr'>,‚sportula“,</span> <span class='ocrx_word' id='word_1_304' title='bbox 953 3593 981 3639; x_wconf 86' lang='lat' dir='ltr'>v.</span> <span class='ocrx_word' id='word_1_305' title='bbox 994 3573 1084 3637; x_wconf 90' lang='lat' dir='ltr'>Eust.</span> <span class='ocrx_word' id='word_1_306' title='bbox 1098 3573 1139 3638; x_wconf 90' lang='lat' dir='ltr'>ad</span> <span class='ocrx_word' id='word_1_307' title='bbox 1151 3573 1243 3638; x_wconf 90' lang='lat' dir='ltr'>Hom.</span> <span class='ocrx_word' id='word_1_308' title='bbox 1260 3590 1291 3653; x_wconf 90' lang='lat' dir='ltr'>p.</span> <span class='ocrx_word' id='word_1_309' title='bbox 1303 3573 1320 3633; x_wconf 99' lang='grc'>7</span> <span class='ocrx_word' id='word_1_310' title='bbox 1325 3570 1375 3634; x_wconf 80' lang='grc'>58.</span> <span class='ocrx_word' id='word_1_311' title='bbox 1392 3568 1448 3632; x_wconf 85' lang='grc'>59;</span> 
     </span>
     <span class='ocr_line' id='line_1_32' title="bbox 177 3673 1449 3765; baseline -0.005 -21"><span class='ocrx_word' id='word_1_312' title='bbox 177 3682 298 3763; x_wconf 82' lang='grc' dir='ltr'><em>φερνία</em></span> <span class='ocrx_word' id='word_1_313' title='bbox 315 3678 353 3745; x_wconf 77' lang='grc' dir='ltr'>δὲ</span> <span class='ocrx_word' id='word_1_314' title='bbox 369 3679 501 3764; x_wconf 75' lang='grc' dir='ltr'><em>ίχνλύων</em></span> <span class='ocrx_word' id='word_1_315' title='bbox 517 3679 688 3765; x_wconf 81' lang='grc' dir='ltr'><em>σανρίὸες.</em></span> <span class='ocrx_word' id='word_1_316' title='bbox 724 3680 939 3765; x_wconf 73' lang='grc' dir='ltr'><em>Μένανδρος</em></span> <span class='ocrx_word' id='word_1_317' title='bbox 965 3681 983 3746; x_wconf 88' lang='grc' dir='ltr'>ὁ</span> <span class='ocrx_word' id='word_1_318' title='bbox 1000 3680 1154 3760; x_wconf 79' lang='grc' dir='ltr'><em>προσιὼν</em></span> <span class='ocrx_word' id='word_1_319' title='bbox 1175 3680 1179 3764; x_wconf 82' lang='grc' dir='ltr'>Ι</span> <span class='ocrx_word' id='word_1_320' title='bbox 1200 3680 1309 3761; x_wconf 83' lang='grc' dir='ltr'><em>γέρων</em></span> <span class='ocrx_word' id='word_1_321' title='bbox 1326 3673 1449 3755; x_wconf 84' lang='grc' dir='ltr'><em>ἁλιεὺς,</em></span> 
     </span>
     <span class='ocr_line' id='line_1_33' title="bbox 174 3782 1450 3873; baseline -0.004 -23"><span class='ocrx_word' id='word_1_322' title='bbox 174 3787 260 3869; x_wconf 79' lang='grc' dir='ltr'><em>παρ’</em></span> <span class='ocrx_word' id='word_1_323' title='bbox 276 3784 316 3851; x_wconf 83' lang='grc' dir='ltr'>οὗ</span> <span class='ocrx_word' id='word_1_324' title='bbox 334 3785 374 3852; x_wconf 78' lang='lat' dir='ltr'>cd</span> <span class='ocrx_word' id='word_1_325' title='bbox 393 3790 532 3870; x_wconf 78' lang='grc' dir='ltr'><em>φερνίον</em></span> <span class='ocrx_word' id='word_1_326' title='bbox 547 3790 664 3871; x_wconf 74' lang='grc' dir='ltr'><em>τρίτην</em></span> <span class='ocrx_word' id='word_1_327' title='bbox 686 3790 691 3873; x_wconf 77' lang='grc' dir='ltr'>Ι</span> <span class='ocrx_word' id='word_1_328' title='bbox 711 3789 840 3871; x_wconf 69' lang='grc' dir='ltr'><em>ταύτην</em></span> <span class='ocrx_word' id='word_1_329' title='bbox 856 3787 1039 3872; x_wconf 78' lang='grc' dir='ltr'>ἐσριάμεο’</span> <span class='ocrx_word' id='word_1_330' title='bbox 1056 3788 1198 3870; x_wconf 81' lang='grc' dir='ltr'><em>ἡμέραν.</em></span> <span class='ocrx_word' id='word_1_331' title='bbox 1223 3785 1261 3852; x_wconf 88' lang='lat' dir='ltr'>cf.</span> <span class='ocrx_word' id='word_1_332' title='bbox 1281 3782 1450 3850; x_wconf 90' lang='lat' dir='ltr'>Menandri</span> 
     </span>
     <span class='ocr_line' id='line_1_34' title="bbox 176 3891 1449 3979; baseline -0.004 -21"><span class='ocrx_word' id='word_1_333' title='bbox 176 3893 237 3975; x_wconf 84' lang='lat' dir='ltr'>frg.</span> <span class='ocrx_word' id='word_1_334' title='bbox 257 3898 319 3959; x_wconf 91' lang='grc'>717</span> <span class='ocrx_word' id='word_1_335' title='bbox 346 3896 450 3979; x_wconf 79' lang='lat' dir='ltr'>(Kock</span> <span class='ocrx_word' id='word_1_336' title='bbox 465 3896 522 3962; x_wconf 90' lang='grc' dir='ltr'>ΠΙ.</span> <span class='ocrx_word' id='word_1_337' title='bbox 544 3900 619 3978; x_wconf 78' lang='grc'>204,</span> <span class='ocrx_word' id='word_1_338' title='bbox 644 3897 899 3978; x_wconf 66' lang='grc'>1114117953).</span> <span class='ocrx_word' id='word_1_339' title='bbox 940 3896 1040 3963; x_wconf 83' lang='lat' dir='ltr'>Simil.</span> <span class='ocrx_word' id='word_1_340' title='bbox 1062 3896 1142 3961; x_wconf 93' lang='lat' dir='ltr'>Poll.</span> <span class='ocrx_word' id='word_1_341' title='bbox 1168 3894 1222 3960; x_wconf 87' lang='lat' dir='ltr'>VI.</span> <span class='ocrx_word' id='word_1_342' title='bbox 1241 3895 1293 3975; x_wconf 82' lang='lat'>94,</span> <span class='ocrx_word' id='word_1_343' title='bbox 1317 3892 1356 3956; x_wconf 89' lang='lat' dir='ltr'>X.</span> <span class='ocrx_word' id='word_1_344' title='bbox 1377 3891 1449 3969; x_wconf 81' lang='lat'>132,</span> 
     </span>
     <span class='ocr_line' id='line_1_35' title="bbox 175 4001 1451 4087; baseline -0.003 -22"><span class='ocrx_word' id='word_1_345' title='bbox 175 4001 252 4067; x_wconf 79' lang='lat' dir='ltr'>Heu.</span> <span class='ocrx_word' id='word_1_346' title='bbox 289 4021 315 4068; x_wconf 92' lang='lat' dir='ltr'>s.</span> <span class='ocrx_word' id='word_1_347' title='bbox 344 4022 372 4069; x_wconf 86' lang='lat' dir='ltr'>v.</span> <span class='ocrx_word' id='word_1_348' title='bbox 405 4004 541 4085; x_wconf 83' lang='grc' dir='ltr'><em>φέρμια.</em></span> <span class='ocrx_word' id='word_1_349' title='bbox 600 4005 768 4087; x_wconf 83' lang='lat' dir='ltr'>Scriptura</span> <span class='ocrx_word' id='word_1_350' title='bbox 800 4006 939 4087; x_wconf 83' lang='grc' dir='ltr'><em>φερνίον</em></span> <span class='ocrx_word' id='word_1_351' title='bbox 974 4022 1150 4085; x_wconf 88' lang='lat' dir='ltr'>sensusque</span> <span class='ocrx_word' id='word_1_352' title='bbox 1186 4003 1451 4067; x_wconf 87' lang='lat' dir='ltr'>commemoratus</span> 
     </span>
     <span class='ocr_line' id='line_1_36' title="bbox 176 4106 1452 4195; baseline -0.005 -21"><span class='ocrx_word' id='word_1_353' title='bbox 176 4107 405 4176; x_wconf 89' lang='lat' dir='ltr'>confirmantur</span> <span class='ocrx_word' id='word_1_354' title='bbox 423 4110 504 4177; x_wconf 88' lang='lat' dir='ltr'>locis</span> <span class='ocrx_word' id='word_1_355' title='bbox 520 4112 662 4194; x_wconf 87' lang='lat' dir='ltr'>Alciphr.</span> <span class='ocrx_word' id='word_1_356' title='bbox 678 4113 703 4192; x_wconf 95' lang='grc' dir='ltr'>Ι,</span> <span class='ocrx_word' id='word_1_357' title='bbox 729 4131 779 4195; x_wconf 92' lang='lat' dir='ltr'>ep.</span> <span class='ocrx_word' id='word_1_358' title='bbox 798 4113 817 4175; x_wconf 84' lang='lat'><strong>9</strong></span> <span class='ocrx_word' id='word_1_359' title='bbox 843 4118 875 4177; x_wconf 88' lang='lat' dir='ltr'>et</span> <span class='ocrx_word' id='word_1_360' title='bbox 899 4112 967 4178; x_wconf 87' lang='lat' dir='ltr'>Ael.</span> <span class='ocrx_word' id='word_1_361' title='bbox 984 4111 1022 4179; x_wconf 90' lang='lat' dir='ltr'>N.</span> <span class='ocrx_word' id='word_1_362' title='bbox 1042 4113 1079 4176; x_wconf 91' lang='lat' dir='ltr'>A.</span> <span class='ocrx_word' id='word_1_363' title='bbox 1104 4109 1204 4175; x_wconf 90' lang='lat' dir='ltr'>XVII.</span> <span class='ocrx_word' id='word_1_364' title='bbox 1224 4109 1274 4172; x_wconf 90' lang='lat'>18.</span> <span class='ocrx_word' id='word_1_365' title='bbox 1312 4106 1452 4189; x_wconf 82' lang='grc' dir='ltr'><em>φερνίον</em></span> 
     </span>
     <span class='ocr_line' id='line_1_37' title="bbox 175 4212 1451 4301; baseline -0.002 -21"><span class='ocrx_word' id='word_1_366' title='bbox 175 4216 277 4299; x_wconf 86' lang='lat' dir='ltr'>igitur</span> <span class='ocrx_word' id='word_1_367' title='bbox 301 4223 361 4298; x_wconf 82' lang='lat' dir='ltr'>est,</span> <span class='ocrx_word' id='word_1_368' title='bbox 386 4237 448 4300; x_wconf 92' lang='lat' dir='ltr'>quo</span> <span class='ocrx_word' id='word_1_369' title='bbox 473 4219 549 4300; x_wconf 94' lang='lat' dir='ltr'>quid</span> <span class='ocrx_word' id='word_1_370' title='bbox 575 4219 722 4301; x_wconf 75' lang='grc' dir='ltr'>φέρεται,</span> <span class='ocrx_word' id='word_1_371' title='bbox 755 4218 840 4284; x_wconf 91' lang='lat' dir='ltr'>sicut</span> <span class='ocrx_word' id='word_1_372' title='bbox 864 4217 993 4301; x_wconf 82' lang='grc' dir='ltr'><em>ἀρσάνη</em></span> <span class='ocrx_word' id='word_1_373' title='bbox 1018 4223 1077 4299; x_wconf 89' lang='lat' dir='ltr'>est,</span> <span class='ocrx_word' id='word_1_374' title='bbox 1109 4235 1171 4299; x_wconf 92' lang='lat' dir='ltr'>quo</span> <span class='ocrx_word' id='word_1_375' title='bbox 1196 4214 1272 4297; x_wconf 88' lang='lat' dir='ltr'>quid</span> <span class='ocrx_word' id='word_1_376' title='bbox 1297 4212 1451 4296; x_wconf 83' lang='grc' dir='ltr'><em>ἀρσᾶσαι.</em></span> 
     </span>
    </p>
   </div>
   <div class='ocr_carea' id='block_1_4' title="bbox 176 4460 1503 4697">
    <p class='ocr_par' dir='ltr' id='par_1_6' title="bbox 176 4460 1503 4697">
     <span class='ocr_line' id='line_1_38' title="bbox 283 4460 1452 4534; baseline -0.006 -13"><span class='ocrx_word' id='word_1_377' title='bbox 283 4465 306 4534; x_wconf 87' lang='grc'>1)</span> <span class='ocrx_word' id='word_1_378' title='bbox 331 4465 365 4521; x_wconf 90' lang='lat' dir='ltr'>In</span> <span class='ocrx_word' id='word_1_379' title='bbox 383 4464 562 4534; x_wconf 86' lang='lat' dir='ltr'>inscriptione</span> <span class='ocrx_word' id='word_1_380' title='bbox 581 4465 761 4532; x_wconf 82' lang='lat' dir='ltr'>Calauriansi,</span> <span class='ocrx_word' id='word_1_381' title='bbox 788 4465 827 4520; x_wconf 89' lang='lat' dir='ltr'>Le</span> <span class='ocrx_word' id='word_1_382' title='bbox 846 4465 908 4531; x_wconf 83' lang='lat' dir='ltr'>Bas,</span> <span class='ocrx_word' id='word_1_383' title='bbox 936 4464 1018 4520; x_wconf 83' lang='lat' dir='ltr'>inser.</span> <span class='ocrx_word' id='word_1_384' title='bbox 1038 4464 1071 4520; x_wconf 93' lang='lat' dir='ltr'>de</span> <span class='ocrx_word' id='word_1_385' title='bbox 1091 4460 1194 4531; x_wconf 70' lang='lat' dir='ltr'>Morte,</span> <span class='ocrx_word' id='word_1_386' title='bbox 1214 4462 1281 4518; x_wconf 81' lang='lat' dir='ltr'>fasc.</span> <span class='ocrx_word' id='word_1_387' title='bbox 1301 4465 1326 4532; x_wconf 83' lang='lat'>5,</span> <span class='ocrx_word' id='word_1_388' title='bbox 1350 4479 1377 4530; x_wconf 87' lang='lat' dir='ltr'>p.</span> <span class='ocrx_word' id='word_1_389' title='bbox 1392 4463 1452 4527; x_wconf 80' lang='grc'>991,</span> 
     </span>
     <span class='ocr_line' id='line_1_39' title="bbox 176 4549 1503 4697; baseline -0.003 -89"><span class='ocrx_word' id='word_1_390' title='bbox 176 4569 217 4608; x_wconf 91' lang='lat' dir='ltr'>nr.</span> <span class='ocrx_word' id='word_1_391' title='bbox 231 4555 291 4610; x_wconf 79' lang='lat'>286.</span> <span class='ocrx_word' id='word_1_392' title='bbox 307 4557 323 4610; x_wconf 88' lang='lat'><strong>6</strong></span> <span class='ocrx_word' id='word_1_393' title='bbox 341 4555 379 4626; x_wconf 86' lang='lat' dir='ltr'>(r.</span> <span class='ocrx_word' id='word_1_394' title='bbox 392 4554 461 4612; x_wconf 85' lang='lat' dir='ltr'>thes.</span> <span class='ocrx_word' id='word_1_395' title='bbox 476 4554 584 4628; x_wconf 88' lang='lat' dir='ltr'>Steph.)</span> <span class='ocrx_word' id='word_1_396' title='bbox 604 4549 690 4628; x_wconf 76' lang='grc' dir='ltr'><em>φερνά</em></span> <span class='ocrx_word' id='word_1_397' title='bbox 704 4555 812 4611; x_wconf 89' lang='lat' dir='ltr'>omnino</span> <span class='ocrx_word' id='word_1_398' title='bbox 824 4570 879 4610; x_wconf 91' lang='lat' dir='ltr'>non</span> <span class='ocrx_word' id='word_1_399' title='bbox 891 4554 1002 4626; x_wconf 83' lang='lat' dir='ltr'>legitur,</span> <span class='ocrx_word' id='word_1_400' title='bbox 1023 4553 1057 4609; x_wconf 90' lang='lat' dir='ltr'>of.</span> <span class='ocrx_word' id='word_1_401' title='bbox 1070 4553 1167 4610; x_wconf 85' lang='lat' dir='ltr'>IGPel.</span> <span class='ocrx_word' id='word_1_402' title='bbox 1181 4552 1205 4607; x_wconf 92' lang='grc' dir='ltr'>Ι.</span> <span class='ocrx_word' id='word_1_403' title='bbox 1221 4570 1248 4623; x_wconf 91' lang='lat' dir='ltr'>p.</span> <span class='ocrx_word' id='word_1_404' title='bbox 1258 4554 1324 4697; x_wconf 42' lang='lat'>32²30,</span> <span class='ocrx_word' id='word_1_405' title='bbox 1337 4567 1378 4604; x_wconf 92' lang='lat' dir='ltr'>nr.</span> <span class='ocrx_word' id='word_1_406' title='bbox 1391 4551 1453 4605; x_wconf 87' lang='grc'>840.</span> <span class='ocrx_word' id='word_1_407' title='bbox 1495 4623 1503 4635; x_wconf 28' lang='lat'>⁸</span> 
     </span>
    </p>
   </div>
   <div class='ocr_carea' id='block_1_5' title="bbox 0 0 1635 5176">
    <p class='ocr_par' dir='ltr' id='par_1_7' title="bbox 0 0 1635 5176">
     <span class='ocr_line' id='line_1_40' title="bbox 0 0 1635 5176; baseline 0 0"><span class='ocrx_word' id='word_1_408' title='bbox 0 0 1635 5176; x_wconf 95' lang='lat' dir='ltr'> </span> 
     </span>
    </p>
   </div>
  </div>
 </body>
</html>
