3164 5176
676 307 717 316 ..
766 271 809 333 90

149 453 375 539 φερέγγυον
404 446 444 514 τὸ
470 447 532 514 σὸν
577 446 774 536 (Apollinis).
822 447 956 514 Accedit
980 445 1149 530 Sophoclis
1172 446 1262 512 locus
1285 445 1329 510 m.
1349 448 1395 512 942

147 563 233 627 trim.
269 561 302 624 τί
328 558 390 642 γὰρ
419 555 576 638 κελεύεις,
613 555 663 622 ὧν
694 555 759 638 ἐγὼ
791 557 1022 640 φερέγγυος,
1059 555 1156 622 schol.
1191 575 1226 638 pr.
1251 552 1396 635 λέγετοιὸ

148 665 400 749 ἀναύεξάμενός
422 683 454 730 τι
476 665 532 729 καὶ
556 661 746 746 δυνάμενος
763 661 925 728 ἀποτῖσαι
941 661 1016 728 οἷον
1033 661 1216 746 ἀξιόχρεως
1231 659 1300 726 κτλ.
1324 663 1398 746 ,ηοίιί

149 775 234 846 enim
259 775 360 856 iubes,
385 773 470 857 quod
493 790 553 854 ego
577 772 783 854 praestem?“

255 883 376 949 Eadem
423 880 610 947 condicione
648 879 832 974 Herodotus
875 879 993 960 utitur,
1039 897 1109 944 cum
1149 879 1237 944 dicet
1274 877 1337 944 VII.
1368 880 1398 943 49

149 988 280 1074 (λιμήν)
306 988 490 1071 δεξάμενός
513 1006 571 1053 σεο
595 990 698 1053 τοῦτο
729 985 768 1052 τὸ
792 984 954 1051 ναυτικὸν
978 987 1206 1070 φερέγγυος
1241 984 1330 1051 ἔσται
1349 984 1400 1051 dro-

155 1101 264 1163 σῶσαι
287 1095 349 1178 τὰς
371 1097 452 1178 νέας
477 1100 612 1179 „portus
629 1145 637 1161 .
655 1145 663 1161 .
680 1095 857 1162 incolumes
880 1113 979 1161 naves
996 1095 1055 1160 tibi
1073 1095 1287 1177 praestabit.“
1332 1095 1401 1160 Alter

148 1205 239 1272 locus
277 1210 328 1271 est
362 1205 401 1270 V.
427 1205 469 1269 30
506 1201 611 1285 αὐτὸς
643 1201 708 1286 μὲν
742 1201 824 1285 ὑμῖν
859 1201 900 1268 ού
932 1201 1160 1286 φερέγγυός
1195 1201 1262 1284 εἰμι
1284 1199 1402 1284 δύναμιν

150 1317 340 1396 παρασχεῖν
368 1311 549 1393 τοσαύτην,
586 1307 675 1376 ὥστε
692 1363 698 1378 .
717 1359 725 1376 .
743 1364 750 1377 .
768 1309 977 1392 Aristagoras
1011 1309 1137 1376 scilicet
1161 1308 1273 1373 Naxiis
1306 1327 1401 1374 morem

148 1440 211 1486 non
243 1421 338 1502 gerit,
365 1424 403 1484 ut
427 1418 473 1486 eis
498 1418 617 1484 auxilio
641 1419 761 1498 veniat,
797 1435 832 1483 se
863 1418 968 1499 ipsum
992 1416 1140 1498 polliceri
1175 1435 1239 1483 non
1262 1434 1350 1499 posse
1368 1415 1400 1483 eis

147 1532 257 1594 tantas
292 1527 402 1610 copias
436 1527 578 1608 mittere,
615 1526 744 1608 quantis
780 1543 861 1607 opus
893 1525 938 1591 sit
961 1525 1003 1591 ad
1026 1523 1235 1607 perficienda,
1270 1544 1346 1608 quae
1365 1543 1403 1590 cu·

148 1636 251 1720 piant,
287 1635 398 1717 „illius
433 1635 481 1700 rei
516 1651 551 1700 se
581 1633 777 1716 praedem
812 1651 883 1699 esse
920 1651 984 1698 non
1018 1634 1149 1716 posse.“
1196 1633 1297 1699 Paulo
1330 1633 1404 1699 aliter

148 1743 248 1808 vertit
281 1741 585 1824 Schweighamerus
624 1739 819 1822 „sufficiens
860 1740 995 1806 idoneus
1036 1746 1070 1806 et
1110 1741 1192 1807 satis
1227 1740 1404 1807 validused

147 1851 379 1933 praestandum
402 1851 523 1934 alqd.“,
559 1850 617 1916 sed
639 1849 717 1915 licet
746 1868 876 1916 sensum
900 1849 988 1916 vocis
1019 1867 1118 1931 supra
1142 1849 1343 1931 explanatum
1360 1849 1405 1913 hoc

148 1976 277 2041 quoque
301 1958 371 2025 loco
396 1963 519 2025 tenere.
566 1956 713 2039 Denique
743 1956 945 2039 Thucydides
981 1975 1089 2023 vocem
1114 1956 1245 2023 exhibet
1278 1957 1356 2022 Vlll.
1376 1955 1404 2019 dt

148 2065 376 2153 (Phrynichus)
400 2063 491 2132 πολύ
515 2083 552 2130 τε
579 2063 668 2148 πρὸς
702 2062 744 2128 τὰ
774 2062 877 2144 decad,
902 2062 1084 2148 ἐπειδήπερ
1119 2063 1261 2149 ὑπέστη,
1298 2082 1406 2148 papey-

148 2173 365 2254 γοώτατος
388 2173 510 2258 ἐφάνη,
536 2173 636 2240 schol.
661 2171 882 2254 lucubratos,
915 2172 976 2239 hoc
1005 2178 1055 2239 est
1083 2172 1315 2256 „Phrynichus
1347 2188 1406 2254 qno·

148 2281 234 2346 niam
258 2281 433 2363 oligarchis
469 2281 544 2347 anni
569 2282 632 2345 411
670 2298 706 2346 se
735 2279 920 2362 applicavit,
955 2281 1094 2347 maxime
1130 2282 1289 2348 atrocium
1322 2295 1406 2345 rerum

149 2407 246 2472 prees
271 2407 342 2454 esse
367 2390 454 2456 visus
479 2389 563 2455 est.“

256 2496 378 2562 Eadem
403 2516 464 2563 vox
487 2514 621 2562 munere
637 2495 776 2562 nominis
792 2496 916 2579 proprii
940 2495 1086 2578 fungitur
1103 2497 1188 2579 apud
1206 2496 1408 2581 Cyrenaeus

148 2605 179 2671 in
205 2604 301 2671 titulo
337 2605 427 2671 tertii
461 2603 530 2671 fere
562 2604 683 2671 saeculi
709 2602 1118 2684 u.-B.111.n,4aes.1e
1158 2599 1408 2694 <mosaycum

148 2713 185 2777 Id
209 2711 272 2777 iam
297 2712 377 2777 satis
401 2712 519 2794 probat
534 2730 644 2778 vocem
662 2711 758 2777 etiam
785 2715 876 2776 extra
893 2710 1003 2777 Asiam
1019 2713 1177 2778 minorem
1193 2719 1305 2778 notam
1319 2711 1409 2792 fuisse,

147 2819 200 2885 vel
224 2820 256 2884 in
282 2819 400 2884 Dorica
433 2819 524 2886 urbe.
572 2819 704 2885 Accedit
727 2837 815 2900 vero,
839 2822 963 2884 utnon
988 2819 1092 2884 solum
1115 2818 1218 2885 Attici
1242 2819 1409 2902 scriptores,

148 2928 220 2993 dico
244 2924 437 3010 Aeschylum
462 2932 496 2991 et
520 2926 746 3009 Thucydidem,
772 2944 849 2991 voce
874 2927 986 2993 eadem
1011 2931 1109 3009 atque
1128 2927 1319 3014 Herodotus
1333 2926 1411 2992 liber-

147 3041 218 3101 tate
241 3039 385 3113 utantur,
422 3035 480 3100 sed
504 3034 602 3099 etiem
624 3032 775 3100 formatio
810 3035 893 3100 adeo
923 3040 1053 3101 vetusta
1077 3039 1110 3101 et
1134 3035 1283 3102 obsoleta
1306 3035 1355 3116 sit
1385 3035 1412 3098 ut

149 3162 219 3209 eam
242 3142 303 3208 hac
327 3143 396 3208 sola
421 3160 518 3208 causa
534 3135 666 3208 adducti
690 3142 792 3208 aetati
809 3141 1068 3209 antehomericae
1092 3142 1318 3209 attribuamus.
1349 3139 1412 3206 llam

150 3269 270 3331 omnes
306 3269 387 3334 quae
413 3250 526 3315 eadem
550 3250 677 3315 ratione
708 3247 866 3315 formatae
896 3254 972 3316 sunt
994 3269 1088 3316 voces
1112 3250 1263 3316 ineuntes
1286 3268 1306 3314 a
1329 3247 1413 3328 stirpe

151 3359 276 3426 verbali
312 3357 385 3440 dye—
415 3356 510 3440 ἄρχε·
540 3356 629 3423 ἕλκε·
664 3357 732 3442 ε’χε-
762 3355 851 3440 λεχε-
886 3379 981 3441 μενε-
1017 3375 1158 3441 στρεφε-
1196 3378 1292 3441 φερε·
1300 3357 1326 3442 1)
1357 3372 1413 3438 per·

153 3472 302 3534 vetustae
338 3471 371 3533 et
405 3486 445 3532 ne
478 3485 542 3531 una
577 3467 706 3549 quidem
743 3470 851 3531 aetate
876 3466 1116 3548 posthumerica
1150 3464 1310 3533 formatae
1343 3465 1413 3531 sunt.

150 3575 244 3642 Unde
269 3570 416 3656 sequitur
439 3592 549 3660 vocem
575 3575 759 3658 φερέγγυος
782 3574 823 3640 ad
847 3578 990 3641 aetatem
1013 3573 1270 3640 Atheniensibus
1293 3578 1326 3640 et
1343 3567 1413 3637 Ioni·

150 3683 211 3749 bus
237 3700 437 3750 communem
461 3682 624 3748 recedere.

257 3789 400 3855 Tertiam
424 3789 563 3872 denique
599 3778 727 3856 causam
763 3791 838 3856 inde
861 3789 994 3855 haurire
1028 3789 1116 3870 licet,
1152 3789 1241 3871 quod
1263 3787 1414 3872 ἐχ-έγγοος

150 3898 334 3981 oppositum
376 3897 464 3964 vocis
509 3898 707 3981 φερέγγυος
751 3899 946 3965 adiectivum
985 3915 1088 3979 aeque
1128 3895 1303 3962 formatum
1342 3887 1412 3974 apud

151 4005 366 4072 Athenienses
389 4006 427 4071 V.
453 4005 582 4088 quidem
606 4005 728 4071 saeculi
763 4026 826 4072 non
850 4008 996 4090 ignotum
1026 4004 1088 4070 fuit
1115 4005 1207 4071 uelut
1231 3998 1411 4085 Thucydides

150 4114 281 4194 scripsit
303 4113 360 4178 ΠΙ.
386 4116 430 4180 46
454 4111 580 4179 οὔκουν
600 4113 665 4197 χρὴ
691 4111 770 4180 ούτε
793 4118 855 4180 τού
880 4112 1037 4179 duodece
1060 4116 1102 4195 τῇ
1131 4110 1234 4195 ζημίᾳ
1258 4110 1305 4191 ὡς
1326 4108 1412 4191 ε’χεγ·

152 4219 232 4303 γύῳ
261 4221 503 4303 πιστεύσαντες
522 4219 928 4310 χεῖρονῗβονλεύσασύαι,
954 4219 992 4288 ci.
1017 4220 1155 4304 Hesych.
1181 4239 1207 4286 s.
1223 4239 1252 4286 r.
1275 4214 1411 4309 ἐχενηύῳζ

260 4487 282 4558 ¹)
302 4486 337 4541 ci.
364 4487 481 4556 Osthoff‚
510 4488 558 4543 das
586 4487 707 4544 Verbum
735 4488 754 4543 i.
782 4487 807 4543 d.
835 4486 1089 4556 Nominalbildung,
1118 4485 1189 4541 Jena
1219 4487 1294 4554 1878,
1320 4499 1344 4557 p.
1362 4479 1409 4541 1³7,

150 4578 318 4647 Brugmann,
335 4575 438 4647 griech.
462 4577 580 4632 Gramm.
599 4578 613 4651 ξ
634 4580 693 4636 156.
710 4583 733 4636 l.
