3164 5176
713 287 957 352 -108-

200 461 445 549 Ἀμβροκῖνους
467 464 528 547 fug.
552 464 627 531 hist.
654 465 768 532 Graec.
793 466 817 531 Ι.
842 484 874 547 p.
902 467 974 546 191,
999 464 1060 547 frg.
1087 466 1140 545 52,
1164 465 1274 548 Staph.
1304 467 1381 551 Byz.
1405 486 1431 534 s.
1449 485 1478 532 u.

193 573 284 640 Idem
318 573 406 639 valet
441 573 481 641 de
509 573 645 654 Latinis,
681 592 761 656 quos
797 572 916 639 dixisse
945 573 1091 655 Latinus,
1126 573 1319 657 venusium,
1356 574 1479 641 Ardea·

192 682 292 762 tione,
316 681 516 763 AuaguiuuS,
552 680 784 748 Praenestinus
813 680 853 746 al.
890 681 1093 747 notissimum
1127 686 1178 748 est
1212 700 1361 748 necnon
1393 682 1479 763 apud

194 788 294 854 Oscos
317 785 428 855 floruit
456 787 494 854 cl.
518 788 665 871 Bantius,
696 786 905 872 Mopepreoo,
936 788 1138 855 Nduhriudm
1166 794 1200 855 et
1227 790 1315 873 apud
1336 789 1479 858 Umbros

192 896 334 962 Ihucius.

300 1004 368 1069 Iam
402 1003 541 1070 calculos
576 1002 808 1086 subducamus,
844 1021 919 1069 uam
954 1001 1060 1070 suffixi
1084 1007 1174 1086 -ῖνος
1207 1023 1285 1071 usus
1322 1005 1477 1088 exemplis

194 1111 274 1178 satis
298 1112 408 1178 multis
433 1113 673 1179 demonstratus
698 1117 756 1177 est.
803 1111 899 1177 Illum
923 1117 1042 1192 autem,
1067 1110 1096 1178 si
1121 1130 1193 1177 oum
1216 1111 1332 1180 suffixo
1357 1110 1478 1194 -καλος

194 1239 373 1303 comparas,
409 1221 535 1302 dooere,
571 1220 732 1304 quomodo
761 1218 910 1287 formatis
940 1216 1139 1303 operueram
1174 1219 1260 1303 apud
1285 1220 1477 1305 Aeschylum

194 1328 234 1395 ad
259 1327 485 1395 Siceliotarum
513 1346 607 1394 usum
636 1328 789 1395 recedere
818 1345 925 1411 posse,
962 1345 1001 1392 ex
1027 1327 1101 1410 ipsa
1128 1327 1390 1394 testimoniorum
1414 1329 1477 1395 col·

193 1436 331 1504 lectione
355 1439 502 1520 apparet.

698 1681 976 1753 ΒΑΘΥΧΑΙΟΣ.

300 1857 457 1924 Ultimum
486 1858 635 1940 denique,
666 1857 750 1940 quod
774 1875 838 1922 uou
862 1857 932 1924 siue
962 1857 1031 1922 veri
1055 1855 1162 1939 specie
1186 1855 1350 1923 Siceliotis
1374 1858 1478 1924 uindi-

193 1970 287 2031 catur
311 1965 512 2046 vocabnlum‚
539 1970 589 2030 est
603 1964 798 2051 βαθυχαῖος
822 1965 907 2046 apud
925 1963 1118 2047 Aeschylum
1134 1964 1262 2031 obuium
1279 1964 1392 2047 Suppl.
1413 1966 1476 2031 859

193 2073 286 2159 (826)
310 2073 406 2146 meh?
431 2070 543 2154 ἄχειος
567 2072 633 2155 ἐγὼ
656 2070 861 2156 βαθυχαῖος.
908 2072 979 2138 Etsi
994 2072 1085 2137 loeus
1102 2071 1287 2138 foedissime
1304 2079 1478 2155 corruptus

194 2185 255 2261 est,
291 2185 399 2245 tamen
428 2181 469 2247 de
499 2199 575 2246 voce
603 2178 798 2264 βαθυχαῖος
832 2179 971 2246 formata
1005 2179 1095 2245 velut
1123 2177 1330 2264 βαθυδοξος,
1366 2178 1476 2264 βαθυ-

193 2284 295 2370 κλεής
323 2287 472 2354 dubitare
497 2308 559 2354 nou
585 2289 671 2368 licet,
697 2287 781 2370 quod
806 2306 867 2353 vox
890 2292 978 2353 recte
1001 2286 1143 2353 formata
1166 2306 1263 2354 seusu
1287 2307 1352 2353 nou
1376 2297 1474 2368 caret,

194 2394 232 2461 cl.
258 2395 357 2461 schol.
382 2393 577 2479 βαθυχαῖος
599 2395 621 2478 ἡ
644 2391 803 2476 μεγάλως
827 2392 978 2476 εὐγενής·
1000 2394 1081 2478 χάοι
1102 2393 1165 2478 γὰρ
1190 2395 1223 2460 οῖ
1246 2394 1404 2477 εὐγενεῖς.

299 2502 482 2578 Materiam,
518 2521 600 2585 qnae
630 2502 670 2567 de
698 2503 758 2567 hac
793 2503 896 2584 stirpe
924 2507 1055 2568 seruata
1092 2507 1152 2584 est,
1187 2501 1475 2583 locupletissimam

193 2611 300 2695 coegit
329 2611 365 2676 Ο.
399 2610 627 2694 Lagercrautz‚
664 2610 778 2676 Kuhus
802 2609 957 2676 Zeitschr.
983 2611 1115 2694 XXXV,
1151 2629 1182 2692 p.
1208 2611 1364 2694 287sqq.‚
1404 2629 1474 2678 cum

193 2721 233 2784 de
255 2719 435 2802 veriloquio
460 2718 536 2802 egit.
586 2718 785 2784 Testimonia
808 2719 939 2801 quidem
961 2717 1042 2785 haec
1065 2722 1152 2785 suut.

298 2827 347 2892 Ad
371 2827 559 2893 imitandam
576 2826 904 2893 Lacedaemoniorum
930 2826 1103 2892 dialectum
1127 2843 1237 2892 vocem
1257 2825 1359 2909 χάῖος
1383 2845 1476 2892 usur-

192 2935 282 3017 pavit
307 2935 542 3018 Aristophanes
566 2933 638 3017 Lys.
666 2936 708 2999 90
733 2933 818 3000 trim.
842 2935 894 3015 τις
918 2932 952 2999 θ’
977 2933 1082 3016 ἁτέρα
1104 2938 1204 3014 παῖς,·
1230 2969 1267 2979 -
1293 2935 1398 3017 χαῖα
1421 2936 1477 3000 ναὶ

191 3041 243 3110 τὼ
267 3042 340 3124 σιώ,
369 3039 541 3124 Κορινθία
569 3039 602 3106 θ’
630 3038 684 3106 αὗ.
714 3079 756 3088 -
784 3043 883 3126 χαῖα
911 3041 953 3124 νὴ
981 3040 1043 3107 τὸν
1066 3039 1130 3106 Δία
1156 3038 1245 3124 δήλη
1274 3046 1359 3108 ’στιν
1389 3040 1477 3109 οὖσα

193 3151 335 3233 ταυταγὶ
368 3147 580 3230 τάντευθενί,
615 3148 714 3215 schol.
742 3151 839 3233 χαῖα·
871 3147 946 3214 ἀντὶ
968 3153 1031 3215 τοῦ
1056 3147 1170 3232 ἀγαθὴ
1194 3149 1267 3232 μέν,
1303 3147 1477 3232 Κορινθία

192 3257 239 3325 δέ.
275 3256 388 3340 ποῖζει
415 3254 453 3324 δὲ
480 3255 576 3340 παρὰ
604 3255 644 3322 τὸ
673 3258 858 3340 κεχηνέναι.
911 3259 992 3325 Item
1022 3257 1100 3325 ibid.
1129 3260 1213 3322 1157
1238 3257 1325 3323 trim.
1351 3258 1473 3324 Lacon:

192 3363 285 3447 οὔπα
307 3363 441 3447 γυναῖκ’
466 3361 594 3430 ὄπωπα
614 3365 861 3447 χοῖωτέραν.
905 3365 1058 3432 Eiusdem
1083 3369 1171 3431 certe
1194 3365 1282 3430 vocis
1302 3365 1401 3430 testis
1426 3371 1478 3432 est

192 3473 381 3539 Theocritus
405 3472 475 3538 VII.
502 3473 520 3536 5
547 3471 632 3536 εἴτι
654 3492 718 3554 περ
743 3470 871 3537 ἐσθλὸν
892 3475 1004 3556 χοῶν
1026 3472 1165 3556 (χρῶνῖ)
1190 3474 1262 3537 τῶν
1278 3471 1475 3552 ἐπάνωθεν,

191 3581 242 3662 „si
266 3580 344 3663 qnid
371 3579 499 3645 illustre
530 3585 580 3646 est
604 3580 783 3662 antiquitus
812 3581 1001 3664 nohilinm‚“
1038 3580 1076 3647 cl.
1106 3579 1204 3646 schol.
1230 3576 1319 3662 χαόν
1342 3576 1477 3662 λέγεται

193 3687 232 3753 τὸ
258 3685 393 3769 ἀγαθὸν
416 3685 511 3769 παρὰ
526 3685 895 3769 Λακεδαιμονίοις,
917 3685 1005 3771 χαὸν
1028 3685 1207 3753 denoted
1232 3685 1365 3770 εὐγενὲς
1388 3685 1411 3771 ἢ
1436 3685 1476 3754 τὸ

193 3793 344 3878 ἀρχαῖον.
391 3794 516 3860 Deinde
540 3795 640 3860 tertia
663 3793 766 3860 forma
790 3799 957 3860 contracta
981 3814 1001 3860 a
1024 3794 1260 3861 Valckenaerio
1285 3794 1326 3859 ad
1349 3795 1474 3861 Phoeu.

190 3923 223 3986 p.
249 3904 313 3968 588
350 3902 534 3968 Alexandro
571 3901 685 3967 Aetolo
720 3901 849 3968 reddita
884 3906 935 3968 est
969 3903 1001 3966 in
1038 3903 1271 3986 epigrammate
1306 3921 1358 3984 ap.
1391 3902 1475 3969 Gell.

194 4011 245 4078 15.
265 4012 307 4075 20
337 4009 356 4077 ὁ
381 4009 416 4076 d’
448 4007 675 4092 Ἀναξαγόρου
704 4007 873 4090 τρόφιμος
900 4007 1098 4094 [αρ]χαιοῦ
1123 4007 1287 4093 στριφνὸς
1309 4008 1374 4091 μὲν
1400 4008 1478 4093 ἐμοι

191 4138 227 4201 χε
251 4122 450 4201 προσειπεῖν
473 4114 545 4186 κτλ.

303 4396 322 4463 ¹)
339 4395 381 4449 No
403 4395 463 4465 quis
482 4397 595 4465 propter
614 4417 624 4447 ι
644 4393 676 4447 de
690 4392 853 4448 formatione
866 4394 942 4448 vocis
962 4393 1117 4465 ὀβρί-καῖα
1131 4393 1247 4457 dubitet,
1263 4394 1294 4447 in
1313 4398 1476 4451 memoriam

191 4497 361 4547 revocamus,
381 4482 453 4553 quod
473 4506 482 4537 ι
502 4499 533 4537 ax
552 4482 665 4537 vocibus
685 4482 784 4554 ὄβριον,
803 4488 986 4556 pol-oppdum
1004 4484 1147 4539 inductum
1167 4500 1226 4540 esse
1244 4486 1346 4554 potest.
