3232 5176
695 280 914 345 ..55-

169 477 237 525 cnm
261 458 445 526 Herodiano
471 458 613 527 Galenus
641 478 666 525 s.
684 479 712 525 v.
738 458 870 542 ἁρμιως
894 458 968 540 (scr.
999 459 1105 543 ἁρμοῖ
1126 460 1200 544 ὡς)·
1223 467 1441 547 παραχρῆμα,

168 564 299 649 Δώριος
322 564 360 631 dd
382 565 404 649 ἡ
428 564 525 648 λέξις,
561 567 657 635 simil.
687 567 835 634 Eustath.
872 568 913 633 ad
938 567 1031 634 Hom.
1057 588 1087 651 p.
1117 571 1261 652 140.13,
1299 569 1443 639 Orameri

167 674 276 740 anecd.
301 672 400 740 Oron.
424 673 480 739 Ill.
505 694 535 757 p.
562 676 636 740 397.
655 676 685 756 8,
710 694 791 758 quos
815 693 925 742 omnes
949 676 991 741 ad
1012 676 1191 745 Herodiani
1215 677 1442 745 auctoritatem

166 800 334 849 recurrere
357 782 532 849 verisimile
561 789 620 850 est.
668 782 859 850 Gravissimi
893 783 995 866 igitur
1019 786 1172 852 momenti
1208 785 1271 853 erit
1306 805 1441 870 cognos-

166 907 248 972 cere,
273 889 351 972 quid
374 890 482 956 valeat
504 890 681 958 Herodiani
705 890 926 958 testimouium
950 897 983 958 at
1006 893 1092 958 uude
1114 891 1313 975 profluxerit.
1346 893 1444 964 Cuius

166 997 330 1063 contraria
366 998 515 1064 doctrina
537 1004 667 1066 servata
702 999 809 1065 estin
834 997 979 1066 Orameri
1007 1001 1119 1068 anecd.
1145 1000 1245 1068 Oxou.
1269 1003 1293 1071 I.
1318 1023 1350 1087 p.
1371 1005 1444 1086 163,

165 1103 220 1171 ubi
244 1105 285 1170 de
309 1105 470 1171 adverbiis
508 1107 541 1172 in
566 1091 595 1172 ὦ
624 1105 772 1174 formatis
796 1107 983 1174 disseritur:
1020 1108 1049 1172 el
1084 1106 1122 1174 dd
1155 1126 1224 1174 που
1258 1130 1443 1193 περισπασ-

167 1210 315 1296 θήσετσι
339 1210 383 1277 τὰ
406 1214 454 1293 εἰς
478 1199 517 1294 ὦ,
547 1210 662 1297 Δώριά
686 1213 765 1280 ἐστι·
790 1213 899 1297 μόνον
923 1212 985 1280 οὖν
1008 1213 1371 1299 ιιαραφυλακτὲον
1398 1217 1443 1285 τὸ

166 1318 316 1402 oppam)
341 1317 426 1403 ὅπερ
451 1320 522 1386 ἐστὶ
551 1322 609 1386 και
632 1320 763 1404 ἁρμοῖ
796 1321 842 1388 οὐ
873 1318 1043 1405 Δώριον.
1090 1323 1179 1402 Quae
1214 1323 1362 1392 doctrina
1395 1347 1445 1395 re·

167 1428 254 1512 cedit
277 1429 319 1493 ad
343 1429 571 1513 Appollonium
589 1430 772 1513 Dyscolum,
798 1430 888 1496 cuius
912 1449 952 1496 ex
968 1430 1198 1497 dissertatione
1213 1432 1292 1514 cept
1307 1431 1445 1517 ἐπιρρη-

164 1536 287 1617 μάτων
311 1538 495 1620 conscripta
519 1543 671 1620 excerpta
694 1537 752 1604 illa
776 1539 894 1605 hausta
918 1556 989 1605 esse
1013 1538 1046 1604 in
1070 1544 1184 1622 aperto
1209 1543 1268 1622 est.

293 1643 438 1711 Crameri
461 1646 645 1730 Anouymus
803 1646 807 1721 Ι
831 1646 937 1730 Apoll.
963 1647 1091 1728 Dyscol.
1123 1666 1153 1729 p.
1181 1647 1255 1712 165.
1281 1648 1323 1712 20
1345 1647 1441 1715 Schn.

164 1749 208 1817 τὰ
241 1749 280 1818 δὲ
315 1752 363 1833 εἰς
398 1737 666 1836 ὦέιτιρρήματα
685 1751 780 1837 φιλεῖ
832 1749 875 1816 τὰ
899 1753 947 1831 εἰς
976 1738 1005 1818 ὦ
1033 1750 1182 1835 λήγοντα
1210 1750 1444 1836 βαρύνεται..

164 1856 387 1942 βαρύνεσθαι·
439 1861 664 1944 σεσημείωται
715 1858 777 1926 δύο
833 1857 922 1925 ὥστε
946 1858 1045 1926 ἕνεκα
1067 1859 1193 1926 τούτου
1218 1856 1446 1943 σημειοῦσθαι

166 1965 334 2050 ἐπισχερὼ
357 1968 415 2032 nol
436 1967 488 2048 ἰὼ,
513 1965 658 2050 ὀξύτονο
681 1987 777 2050 τιοιη-
832 1965 871 2033 τὸ
896 1965 1061 2050 ἐπισχερὼ
1085 1967 1142 2033 καὶ
1166 1968 1217 2034 ao.

166 2073 251 2142 τικά.

272 2181 376 2248 Aliter
391 2182 595 2249 Herodianus
620 2182 670 2249 his
687 2182 726 2248 de
742 2182 906 2249 adverbiis
923 2182 1110 2265 disputavit,
1144 2181 1182 2248 cf.
1208 2183 1234 2249 Ι.
1259 2202 1289 2265 p.
1308 2184 1383 2250 oct.
1403 2185 1442 2248 11

167 2289 305 2374 (Lenta).
355 2289 437 2356 Oum
472 2298 581 2356 autem
616 2310 675 2374 par
711 2292 754 2357 sit
789 2291 967 2356 auctoritas
1001 2290 1164 2373 Apollonii
1199 2297 1232 2357 et
1254 2290 1443 2371 Herodiani‚

167 2398 273 2462 omnia
289 2403 364 2464 sunt
387 2396 534 2480 insonte,
554 2418 593 2463 ex
616 2416 678 2481 quo
696 2398 866 2480 utriusque
882 2398 1032 2464 doctrina
1048 2396 1211 2481 profluxit.
1245 2399 1353 2481 Atque
1370 2417 1443 2464 eum

167 2504 347 2570 iudicamus
371 2523 443 2572 esse
465 2505 571 2572 locum
589 2506 754 2573 Theocriti
777 2525 876 2588 supra
900 2505 1045 2572 allatum.
1092 2505 1175 2571 Nam
1198 2512 1326 2574 constat
1342 2506 1444 2572 Hero·

167 2613 297 2679 dianum
323 2613 486 2681 Theocriti
510 2613 705 2680 carminibus
741 2633 800 2697 pro
823 2613 914 2681 fonte
938 2614 1069 2680 dialecti
1093 2613 1315 2698 Syracusanae
1350 2632 1443 2680 usum

168 2741 248 2806 esse,
275 2722 314 2787 cf.
339 2722 516 2790 Herodian.
541 2722 583 2804 11,
608 2743 641 2806 p.
667 2723 741 2788 567.
763 2725 778 2786 1
804 2721 878 2806 (la),
902 2721 1029 2789 Ahrens
1046 2722 1067 2786 l.
1084 2739 1110 2788 c.
1136 2722 1177 2803 II,
1202 2723 1277 2804 p.25
1308 2740 1357 2789 nr.
1384 2722 1439 2801 20,

167 2849 236 2896 oum
261 2830 348 2896 dicat
372 2830 411 2895 de
429 2830 599 2913 Apollonio
624 2836 657 2895 et
671 2830 857 2896 Herodiano
884 2830 1090 2912 „cautissime
1112 2828 1309 2912 Theocriti²l
1333 2833 1443 2896 aucto-

166 2939 265 3004 ritate
290 2943 454 3004 utuntur.“
492 2939 584 3018 Quod
607 2957 648 3006 ne
665 2939 911 3021 vituperaveris
936 2939 1107 3005 dummodo
1124 2956 1239 3005 revera
1255 2937 1443 3003 cautissime

166 3045 367 3112 adhibeatur.
399 3045 463 3112 Sed
486 3046 545 3112 hoc
568 3065 632 3112 uno
656 3046 690 3113 in
707 3047 804 3114 verbo
821 3046 1036 3127 Herodianus,
1061 3065 1132 3112 cunr
1149 3044 1313 3128 Apollonii
1336 3044 1441 3127 patris

166 3153 346 3219 doctrinam
371 3173 526 3236 superare
550 3156 706 3235 studeret,
732 3155 887 3237 deceptus
917 3159 976 3236 est,
1013 3153 1047 3219 id
1071 3154 1157 3236 quod
1191 3150 1387 3218 testimoniis
1424 3170 1444 3217 a

165 3261 258 3328 nobis
283 3263 445 3343 congestis
470 3282 570 3346 supra
593 3263 657 3328 iam
699 3264 780 3329 satis
810 3262 1016 3345 explanatum
1045 3265 1104 3329 est.
1152 3261 1366 3327 Recurremus
1402 3258 1444 3324 ad

165 3369 248 3436 hanc
271 3389 392 3452 vocem,
418 3389 489 3436 cum
502 3370 738 3453 disputabimus
763 3371 803 3437 de
819 3369 982 3436 Siceliotis
1000 3366 1149 3452 Aeschyli
1166 3365 1345 3448 elementis,
1369 3382 1443 3430 nam

165 3477 224 3544 hac
248 3478 281 3544 in
306 3497 383 3545 voce
408 3497 479 3545 cum
504 3478 685 3546 Meinechio
709 3479 796 3562 (vide
821 3479 931 3562 supra)
955 3496 1019 3545 non
1045 3475 1271 3544 consentimus.

730 3743 884 3813 ΑΙΠΟΣ.

272 3927 393 3994 Ultimo
416 3928 487 3995 loco
510 3929 597 3995 inter
619 3927 729 3994 Ionica
753 3926 851 3994 verba
875 3925 973 3992 liceat
996 3943 1169 4008 apponere,
1194 3940 1280 4016 quoe
1303 3920 1343 3986 de
1366 3938 1444 3985 voce

167 4034 270 4116 αἴτιος
293 4036 476 4101 statuimus.
522 4035 636 4102 Aesch.
662 4037 721 4117 Ag.
747 4036 811 4100 285
829 4032 922 4118 (272)
946 4029 1190 4114 11·ἰιο.Ἀι2ῷον
1214 4028 1355 4109 αἶστος,
1380 4028 1444 4093 309

274 4230 296 4301 ¹)
316 4231 356 4284 De
375 4230 463 4284 forma
482 4229 564 4300 ἁρμοῖ
582 4227 653 4283 nihil
672 4229 741 4282 corti
760 4230 881 4283 statuero
901 4242 1057 4296 possumus;
1076 4227 1247 4294 potestesse
1273 4225 1322 4277 aut
1340 4223 1444 4277 instru-

165 4320 301 4389 mentalis,
329 4324 379 4375 aut
397 4319 495 4374 menda
513 4319 614 4373 aetatis
632 4317 803 4381 recentioris,
832 4334 894 4372 nam
918 4317 971 4370 nisi
999 4315 1071 4386 apud
1090 4314 1251 4368 Erotianum
1279 4312 1341 4367 loco
1360 4311 1441 4384 plana

166 4411 294 4481 corrupto
314 4414 342 4464 et
360 4425 524 4480 anonymum
542 4425 598 4463 non
616 4407 743 4462 traditur.

274 4502 295 4569 ²)
313 4500 348 4554 cl.
367 4499 474 4567 Kaibal,
503 4499 554 4568 lrg.
576 4515 644 4554 com.
662 4499 709 4554 I.l
732 4497 834 4567 g1.44,
862 4498 909 4568 qui
932 4497 967 4553 ad
986 4493 1071 4550 schol.
1090 4493 1206 4549 Theocr.
1226 4492 1275 4548 Ill.
1296 4495 1330 4550 52
1359 4492 1444 4548 adno-

165 4594 209 4646 tat
226 4589 297 4662 παρὰ
318 4597 507 4663 Συρακουσίοις
524 4590 543 4645 i.
562 4605 589 4644 a.
607 4589 636 4645 in
656 4587 835 4645 Theocriti
854 4586 1027 4655 carminibus,
1046 4585 1127 4643 simil.
1146 4583 1184 4654 gl.
1203 4586 1264 4641 222.
