3232 5176
674 309 919 374 -105-

156 492 271 559 eodem
295 507 392 558 sensu
416 486 589 553 adhibetur
612 488 646 552 τί
665 486 730 569 μή;
768 486 882 553 Aesch.
907 486 966 569 Ag.
995 489 1058 552 672
1083 484 1176 570 (650)
1206 487 1302 571 trim.‚
1340 486 1438 571 Soph.

155 601 205 667 Ai.
241 601 305 665 668
328 597 426 678 irim,
463 594 491 661 si
520 594 684 661 codicibus
712 593 793 661 fides
822 594 972 661 habenda
1002 601 1062 662 cst.
1109 594 1214 661 Aliter
1243 600 1441 678 usurpantur

156 707 336 793 particulae
360 705 394 770 τί
415 705 499 787 μήν;
525 703 621 786 Soph.
647 701 695 767 El.
725 704 810 768 1980
834 703 920 785 mel,
946 703 1001 769 ubi
1025 703 1158 769 Orestes
1182 703 1378 784 interrogat:
1408 704 1443 768 ct

155 814 224 898 μὴν
253 812 309 894 οθ;
347 811 515 896 ‚‚quidni“.
563 809 663 875 Simil.
694 808 774 875 Ocd.
799 807 866 876 (iol.
902 812 986 876 1469
1017 809 1116 891 chun,
1152 809 1249 878 Rhcs.
1275 810 1340 874 706
1364 809 1440 874 mel·

160 922 223 988 955
248 921 346 1002 trim,
372 919 426 986 ubi
450 920 484 984 cl
505 917 591 1001 μην;
615 916 725 1000 potius
749 920 911 982 vertatur:
936 917 1012 1000 quid
1037 917 1174 982 revera?
1528 923 1531 928 “

264 1029 301 1094 10
325 1047 384 1112 pro
409 1031 497 1093 certo
522 1025 623 1093 statui
640 1028 759 1110 potest,
785 1043 878 1091 usum
894 1044 994 1108 supra
1011 1044 1123 1092 comm.
1140 1022 1310 1108 Syracusis
1327 1029 1441 1091 notum

159 1136 269 1218 luisse,
305 1154 406 1220 quare
440 1136 474 1200 τί
496 1135 571 1218 ῑμήν
606 1114 704 1201 etiam
735 1133 820 1216 apud
849 1133 1046 1218 Aeschylum
1080 1131 1241 1200 Siccllotis
1272 1130 1441 1198 elementis

159 1243 434 1310 adnumerandum
460 1247 519 1325 est,
555 1239 715 1324 siquidem
739 1239 972 1324 Dittenbcrger
1001 1240 1041 1307 de
1070 1239 1180 1307 Attica
1208 1239 1440 1306 consuetudine

157 1356 282 1418 rectum
306 1351 397 1418 vidit.

713 1540 882 1612 ΘΩΣΘΑΙ.

264 1708 325 1776 Vel
347 1706 503 1774 incertior
527 1723 580 1773 res
606 1710 657 1773 est
679 1704 712 1771 iu
736 1705 834 1773 verbo
858 1703 1011 1787 θῶσθαι,
1043 1706 1129 1790 quod
1152 1705 1363 1790 Aeschylus¹)
1389 1726 1442 1773 ex·

155 1818 247 1885 hibet
281 1815 342 1898 lrg.
373 1817 415 1880 49
446 1833 498 1898 ap.
534 1813 672 1899 Hesych.
704 1833 788 1882 serv.
824 1811 984 1880 θῶοθαι·
1010 1812 1204 1895 caducarius,
1240 1811 1441 1894 θοινᾶσθαι,

157 1922 375 2008 εὐωχεῖσθαι,
412 1920 584 2006 Αἰσχύλος
619 1919 872 2003 Δικτνουλκοῖς,
909 1920 948 1988 cf.
984 1922 1090 2006 Etym.
1125 1920 1233 2003 Magn.
1269 1923 1439 2004 p.461.1

157 2030 301 2098 θῶσθαι
335 2029 493 2116 λέγουσιν
521 2031 554 2096 οἱ
583 2028 763 2113 Δωριεῖς
795 2027 835 2095 τὸ
872 2026 1087 2113 εὐωχεῖσθαι.
1133 2028 1239 2095 Huius
1274 2028 1365 2096 uerbi
1400 2046 1441 2095 ne

155 2139 327 2222 vestigium
362 2137 492 2222 quidem
517 2144 624 2205 exstat
661 2137 696 2204 in
725 2136 858 2205 Graecis
894 2137 1015 2204 litteris
1050 2137 1113 2203 nisi
1144 2137 1230 2220 apud
1255 2137 1441 2203 Alcmanem

155 2246 216 2331 frg.
243 2249 295 2315 23.
314 2249 354 2313 81
381 2243 537 2331 (Bergk⁴)
561 2244 743 2330 θωστηοιά
766 2246 799 2311 τ’
826 2243 889 2328 ἅμ’
915 2244 1046 2310 ἐπαινεῖ
1071 2245 1178 2327 „diem
1201 2243 1320 2311 festum
1345 2244 1441 2310 simul

155 2355 289 2422 laudat“
315 2359 348 2421 et
371 2353 803 2438 Epicharmumfrg.,l391l
828 2353 908 2438 (167
934 2352 1027 2437 Alrr.)
1051 2349 1286 2435 θωσοθμεθα·
1311 2350 1329 2416 ὁ
1354 2349 1443 2433 Ζεὺς

157 2460 319 2545 ἀναρρθει
355 2460 394 2528 cl.
428 2460 556 2528 Ahreus
587 2461 664 2527 dial.
687 2461 730 2527 II.
761 2481 793 2544 p.
819 2463 894 2544 343,
930 2460 985 2551 qui
1022 2460 1120 2527 etiam
1155 2460 1441 2544 grammaticorum

155 2569 342 2635 testimonia
385 2574 536 2636 accurate
574 2568 778 2652 conquisivit,
816 2569 906 2636 volut
946 2567 1100 2652 Hesychii
1148 2567 1273 2651 glossas
1313 2564 1438 2648 θῶται,

157 2672 301 2756 θῶνται,
341 2675 382 2742 al.
420 2675 529 2742 Photii
567 2674 728 2744 τέθειται.
791 2675 932 2744 Verbum
972 2675 1101 2760 quidem
1141 2673 1300 2741 Graccum
1339 2673 1442 2739 Prell-

159 2782 284 2848 uitzius
307 2783 327 2848 l.
347 2801 372 2849 c.
398 2782 580 2850 rectissime
609 2783 773 2851 coniunxit
804 2804 874 2851 cum
903 2782 1031 2849 nomine
1055 2779 1169 2865 θοίνη.
1218 2780 1298 2848 Oum
1333 2786 1442 2846 autem

158 2890 312 2956 Doricum
336 2891 380 2957 sit
415 2897 448 2958 et
471 2891 559 2975 apud
588 2891 816 2974 Epicharmum
845 2892 984 2974 legatur,
1019 2888 1115 2956 facile
1139 2890 1227 2973 apud
1249 2888 1442 2973 Aeschylum

160 2996 315 3064 Siceliota
338 3018 399 3065 uox
422 2997 522 3066 luisse
544 3003 665 3082 potest.

678 3263 925 3334 capranna,
995 3345 997 3349 y

269 3445 387 3512 Vocem
422 3442 539 3527 ,ἅτιαξ
565 3444 768 3528 εἰρημένην*
804 3446 981 3529 Aeschylus
1011 3445 1142 3513 exhibet
1171 3446 1232 3528 Ag.
1262 3447 1321 3509 143
1347 3443 1441 3531 (195)

162 3553 248 3620 chor.
282 3551 506 3636 φιλομάστοις
534 3549 658 3635 θηρῶν
687 3550 917 3636 ὀβρικάλοιαιν
952 3552 1153 3638 „bestiarum
1189 3553 1305 3620 catulis
1342 3552 1442 3619 ubera

161 3659 376 3728 amantibus“.
423 3661 578 3727 Fortasse
595 3660 707 3726 eadem
732 3657 794 3726 voni
818 3661 852 3728 iu
869 3660 1024 3744 Aeschyli
1046 3660 1110 3744 frg.
1136 3663 1177 3726 48
1202 3662 1254 3729 vel
1276 3661 1442 3744 Euripidis

160 3768 220 3849 lrg.
249 3771 312 3832 616
337 3768 458 3850 scripta
482 3774 564 3850 erat,
593 3768 620 3835 si
645 3768 872 3852 Aristophanis
897 3771 1044 3852 Byzantii
1074 3769 1294 3835 testimonium
1324 3769 1372 3834 ita
1395 3769 1444 3835 in·

160 3874 370 3956 colligendum
394 3880 453 3958 est,
489 3877 575 3961 quod
604 3877 644 3942 dc
668 3874 932 3963 vocibuswddpcu
961 3882 995 3943 et
1018 3875 1184 3961 ὀβρίναλα
1207 3881 1364 3958 servatur,
1402 3877 1441 3943 cl·

162 3981 299 4049 Nauckii
323 3981 383 4064 frg.
409 3984 636 4067 Aristophanis
661 4006 696 4051 τι.
715 3984 810 4068 ὀνομ.
828 3984 915 4069 ἡλικ.
942 3987 971 4062 5,
997 4005 1028 4069 p.
1049 3987 1123 4066 125,
1148 3985 1295 4052 Fresenii
1318 3985 1359 4051 de
1376 3983 1441 4068 λεξ.

161 4089 259 4155 Arist.
291 4108 324 4172 p.
358 4092 476 4174 lhOsq.
512 4094 583 4156 τῶν
618 4089 656 4157 dt
684 4090 853 4177 ὑστρίχων
888 4094 946 4159 καὶ
977 4092 1130 4159 λεόντων
1167 4093 1224 4159 καὶ
1250 4091 1366 4159 λύκων
1400 4090 1445 4159 τὰ

164 4193 288 4278 ἔκγονα
320 4193 443 4283 ὄβρια
465 4198 523 4263 καὶ
547 4195 747 4282 ὀβρίκαλα
769 4197 936 4266 καλεῖται·
971 4200 1029 4265 καὶ
1055 4200 1226 4283 μέμνηται
1248 4198 1286 4265 bb
1305 4197 1444 4284 Ιθθριττλ-

270 4430 289 4498 ¹)
306 4427 380 4484 Num
399 4428 492 4499 Suppl.
516 4429 584 4484 1002
602 4428 679 4499 (969)
701 4429 775 4485 triur.
802 4428 832 4483 in
856 4429 940 4486 uerbo
960 4432 1090 4500 corrupto
1114 4436 1174 4485 θνα
1190 4433 1273 4504 μένην
1292 4432 1443 4504 (suprascr.

162 4520 198 4589 ει)
216 4519 304 4574 forma
322 4517 404 4574 huius
423 4518 501 4574 vorbi
518 4518 594 4589 insit,
613 4519 694 4590 plana
713 4519 855 4576 incertum.
1090 4525 1096 4538 ‘
