3232 5176
691 283 913 348 ..80-

164 466 334 548 φοραῖσί
362 482 422 544 μοι
444 459 591 543 γεγηθὸς
614 459 710 544 ἕρπει
725 460 877 544 δάκρυον
894 458 1060 543 ὀμμάτων
1085 458 1163 524 ἀπό.
1209 459 1323 542 Neque
1347 460 1448 524 etiam

162 572 335 655 Euripides
359 570 443 634 hunc
467 588 558 634 usum
575 567 670 651 fugit,
696 588 766 634 cum
784 571 907 637 diceret
923 569 991 634 Alc.
1012 571 1095 633 1155
1113 568 1198 633 trim,
1225 566 1283 632 ἐπ’
1302 564 1450 646 ἐσθλοῖς

164 683 460 762 συμφοραῖσιν,
485 677 555 746 Ιοα.
581 678 646 742 536
671 677 773 742 troch.
799 678 1028 760 συμφορᾶς
1050 677 1144 757 τίνος
1166 678 1328 758 anphoram

204 777 207 783 ’
270 785 348 851 Oum
365 785 430 851 illis
448 790 536 850 certe
552 784 665 850 Ionum
683 785 881 850 consuetudo
906 785 1076 864 consentit,
1104 784 1195 851 cuius
1212 784 1260 849 rei
1277 784 1374 850 testis
1399 788 1451 849 est

164 895 373 977 gravissimus
397 891 594 965 Herodotus,
625 911 697 957 cum
721 892 809 957 dieat
831 892 903 958 VII.
928 895 970 956 49
1001 893 1036 956 ol
1060 891 1273 975 συμφοραὶ
1296 894 1369 956 τῶν
1393 889 1451 955 ἀν-

163 998 322 1084 θρώπων
347 996 568 1082 ἄρχουσικαὶ
592 998 667 1064 οὐκὶ
691 997 883 1082 ὤνθρωποι
912 1003 984 1064 τῶν
1008 998 1256 1082 συμφορέων
1279 999 1331 1065 vel
1355 999 1381 1063 I.
1407 999 1450 1064 32

165 1107 257 1174 οὕτω
281 1106 332 1174 ὧν
354 1110 425 1172 πᾶν
449 1106 520 1172 ἐστι
544 1103 736 1190 ἄνθρωπος
760 1107 932 1190 συμφορή,
958 1107 1043 1191 quod
1067 1107 1167 1172 vertit
1184 1106 1452 1190 Schweighhuser

164 1216 332 1296 „omnibus
357 1215 461 1281 modis
495 1215 590 1280 homo
614 1214 764 1282 fortunae
801 1215 928 1281 casibus
957 1214 1115 1280 obnoxius
1140 1214 1223 1280 est.“
1269 1214 1307 1280 In
1331 1214 1451 1280 malam

164 1329 273 1389 autem
296 1328 422 1404 partem
439 1342 501 1388 vox
517 1341 576 1406 per
594 1341 629 1388 sc
653 1324 758 1388 media
774 1324 913 1390 vertitur
936 1341 999 1388 non
1023 1323 1093 1388 sine
1116 1321 1265 1404 apposito
1290 1322 1452 1388 adiectivo

165 1432 190 1498 l.
216 1435 255 1495 41
283 1434 445 1514 συμφορῇ
464 1429 606 1513 ἀχάριτι,
634 1431 728 1497 simil.
747 1430 817 1496 Vll.
844 1432 897 1511 88,
926 1432 998 1495 190.
1045 1431 1221 1496 Praeterea
1238 1436 1271 1497 et
1295 1431 1323 1497 is
1340 1448 1452 1496 vocem

165 1539 204 1604 tle
230 1539 415 1605 calamitate
438 1539 570 1622 saepius
593 1544 738 1621 usurpat.
785 1540 829 1604 At
860 1556 900 1602 ne
925 1538 980 1621 qui
1003 1536 1087 1603 sorte
1112 1539 1286 1618 contendat
1309 1539 1454 1619 tragicos

165 1652 279 1728 poetas
302 1645 363 1712 hac
386 1647 420 1711 in
443 1666 480 1711 re
504 1647 544 1712 ab
569 1647 701 1712 Ionibus
725 1646 877 1729 pendere,
903 1646 1043 1729 vestigia
1066 1647 1212 1728 quamvis
1237 1645 1353 1727 exigua
1377 1664 1454 1710 con·

166 1754 333 1837 gessimus,
359 1753 475 1836 quibus
500 1755 727 1838 comprobetur
749 1754 835 1818 huuc
857 1772 951 1819 usum
975 1753 1016 1819 ab
1033 1753 1286 1820 Atheniensibus
1310 1753 1455 1818 alienum

166 1882 228 1928 non
254 1862 364 1929 luisse.
413 1863 554 1941 Quorum
590 1863 783 1944 gravissima
806 1861 1041 1945 Aristophanes
1070 1862 1225 1943 servavit,
1261 1880 1357 1943 quem
1381 1880 1454 1926 cum

166 1989 347 2037 sermonem
390 1972 549 2051 tragicum
588 1990 651 2035 non
688 1970 803 2036 illudat
845 1987 950 2052 neque
974 1970 1102 2052 poetice
1141 1969 1305 2052 loquatur,
1345 1987 1455 2034 merae

167 2079 311 2144 Atthidis
347 2084 466 2144 testem
500 2097 573 2144 esse
596 2096 785 2160 persuasum
821 2077 979 2143 habemus
1008 2096 1080 2160 equ.
1107 2078 1170 2142 655
1196 2078 1281 2142 trim.
1319 2072 1455 2158 ἄνδρες,

166 2183 233 2270 ἤδη
261 2207 320 2269 μοι
356 2183 451 2250 δοκεῖ
484 2184 541 2250 ἐπὶ
569 2189 806 2268 συμφοραῖς
842 2181 1027 2267 ἀγαθαῖσιν
1051 2183 1323 2268 εἰσηγγελμέναις
1360 2182 1457 2265 eriop-

167 2292 261 2377 νέλια
284 2291 384 2358 θύειν
409 2292 532 2358 ἑκατὸν
560 2291 645 2376 βοῦς
673 2295 715 2375 τῇ
738 2289 824 2376 θεῷ,
862 2293 960 2359 schol.
996 2292 1103 2376 μέσον
1127 2289 1165 2356 δὲ
1190 2289 1301 2374 ὄνομα
1323 2290 1346 2373 ἡ
1372 2310 1455 2372 συμ-

168 2401 261 2485 φορά
284 2451 290 2464 .
310 2453 317 2468 .
340 2401 414 2484 Lys.
441 2403 526 2464 lata
563 2401 649 2465 trim.
686 2398 745 2464 ἐπ’
785 2398 936 2482 ἀγαθαῖς
975 2404 1215 2483 συμφοραῖς.
1277 2400 1455 2464 Praeterea

168 2509 369 2593 Thucydides
402 2507 502 2574 semel
527 2507 551 2571 Ι.
579 2511 641 2572 140
678 2508 762 2573 hanc
786 2507 960 2574 dictionem
978 2508 1158 2589 usurpavit,
1194 2506 1284 2589 πρὸς
1319 2505 1357 2571 δὲ
1392 2504 1456 2586 τὰς

167 2612 347 2699 ξυμφορὰς
382 2615 439 2679 καὶ
474 2611 538 2694 τὰς
566 2614 706 2697 γνώμας
741 2615 975 2697 τρεπομένους
1010 2617 1051 2680 de
1086 2616 1136 2694 iia,
1173 2615 1228 2698 qui
1257 2615 1454 2681 senteutiam

169 2723 304 2788 cuilibet
329 2723 458 2788 eventui
476 2723 645 2805 adaptant,
671 2722 771 2787 semel
788 2724 886 2789 etiam
903 2722 997 2789 Plato
1013 2723 1111 2806 legg.
1129 2723 1184 2803 IV,
1201 2725 1308 2804 109Α,
1334 2741 1397 2804 quo
1422 2721 1454 2785 in

167 2829 252 2895 libro
290 2849 362 2896 euru
389 2831 570 2896 obsoletum
607 2849 788 2896 sermonem
812 2831 935 2896 imitari
958 2836 1070 2897 notum
1095 2836 1154 2904 est,
1192 2830 1291 2912 τύχαι
1327 2827 1366 2893 δὲ
1401 2827 1457 2893 καὶ

168 2934 342 3020 ξυμφοραὶ
364 2942 537 3002 παντοῖαυ
561 2938 749 3003 πίπτουσαι
773 2939 958 3019 παντοίως.

687 3203 936 3275 annanehel.

278 3386 337 3451 His
377 3386 482 3452 trihus
517 3387 659 3469 vocibus,
696 3407 777 3471 quas
812 3406 910 3453 sensu
945 3386 1122 3468 originario
1170 3385 1295 3468 priscas
1330 3385 1458 3451 Atticas

171 3491 272 3558 fuisse
298 3511 368 3557 cum
392 3513 451 3575 per
474 3512 509 3558 se
534 3495 567 3559 in
592 3495 752 3578 aperto¹)‚
777 3502 846 3561 tum
866 3495 1063 3561 testimoniis
1086 3494 1350 3575 locupletissimis
1375 3513 1461 3560 com-

171 3601 345 3683 prohatum
371 3609 431 3683 est,
456 3601 661 3686 adiungimus
685 3604 777 3686 alias,
803 3605 843 3669 de
868 3604 995 3686 quihus,
1021 3602 1084 3668 etsi
1107 3621 1160 3668 res
1176 3601 1373 3685 implicatior
1398 3609 1461 3684 est,

172 3708 270 3772 aliter
293 3707 437 3776 iudicare
461 3709 634 3778 nonlicet.

176 3853 390 3863 *nn-.—

282 3941 305 4009 ¹)
323 3941 366 3996 Na
385 3942 447 4012 quis
466 3946 546 4012 putet
569 3959 620 3997 nos
640 3942 731 3996 omnia
749 3943 841 4009 verba,
871 3956 941 4010 quaa
960 3941 1080 4011 speciem
1098 3940 1245 3996 uetustatis
1274 3955 1339 4010 praa
1359 3955 1388 3994 sa
1408 3940 1463 3996 fer·

173 4031 244 4096 rent,
262 4030 336 4084 inter
354 4032 460 4101 priscas
483 4033 588 4086 Atticas
607 4031 742 4103 posuisse,
770 4030 888 4100 exempli
906 4032 999 4098 gratia
1017 4030 1133 4084 duorum
1151 4031 1316 4084 montionem
1336 4029 1463 4093 facimus,

174 4118 207 4171 do
227 4119 326 4187 quihus
354 4121 435 4176 aliter
463 4121 601 4175 iudicetur
620 4124 738 4190 oportet.
775 4121 816 4174 Ac
835 4120 952 4191 primum
981 4119 1091 4190 quidem
1111 4123 1154 4172 est
1173 4119 1286 4172 verbum
1316 4117 1465 4184 ἢἚλλάς

174 4207 304 4262 adiectivi
324 4211 526 4279 significatione
545 4211 720 4265 instructum.
757 4210 845 4264 Nemo
870 4213 944 4264 certo
964 4214 1014 4279 est,
1033 4210 1100 4279 quin
1119 4209 1191 4263 aciat
1215 4208 1265 4262 has
1284 4209 1464 4264 formationes

173 4297 202 4351 in
224 4299 267 4358 -άς
285 4305 322 4361 -ta
342 4301 491 4368 originario
511 4301 596 4355 iuuisse
610 4300 755 4368 adiectiva,
775 4299 898 4355 velutin
917 4300 988 4355 hanc
1008 4300 1117 4353 modum
1136 4298 1226 4368 poetis
1239 4299 1464 4369 frequentissima

176 4385 293 4442 formata
311 4393 376 4444 aunt
394 4389 535 4459 feminina,
564 4389 598 4444 cf.
619 4390 699 4460 Papii
717 4389 825 4444 lexicon
845 4390 1058 4460 etymologicum
1086 4406 1113 4459 p.
1133 4391 1193 4445 208.
1231 4388 1321 4454 Quare
1340 4405 1396 4443 non
1416 4389 1465 4444 du-

175 4475 249 4530 bium
269 4477 378 4533 ridetur
401 4497 460 4534 esso
481 4479 649 4550 Aeschylum
677 4479 724 4551 (of.
744 4479 899 4534 Wittekincl
926 4498 952 4550 p.
973 4482 1016 4543 30,
1045 4479 1147 4533 Dionen
1176 4496 1201 4548 p.
1222 4481 1266 4547 43,
1294 4479 1465 4533 Rutherford

174 4583 200 4636 p.
221 4569 266 4636 21)
286 4569 405 4638 priscam
425 4571 653 4625 consuetudinem
682 4586 815 4632 servasse,
844 4587 904 4623 cum
933 4570 1039 4624 diceret
1058 4569 1170 4625 Pera‘l
1200 4585 1278 4638 anap.
1303 4565 1420 4623 ‘Elicit’
1440 4574 1465 4632 ἐς
