3164 5176
624 305 847 367 „95-

51 482 268 550 notissime
285 482 462 565 appellere,
485 481 542 547 uhi
567 481 651 565 ἀκοή
673 502 770 550 rtaves
787 487 943 549 tueretur.
990 482 1162 566 Restant¹)
1185 488 1293 547 aulem
1317 482 1380 547 duo

45 574 308 673 lantpertus
333 589 509 672 Aeschylus
533 592 660 672 poetica
676 591 808 657 licentia
832 609 909 656 usus
934 594 993 670 est,
1018 589 1102 654 alter
1118 590 1177 671 Ag.
1204 591 1267 652 697
1285 586 1379 674 (673)

45 679 115 750 ih
125 715 188 764 (rr.
210 695 397 781 Σιμόεντος
420 695 549 777 ἀκτὰς
572 696 633 762 ἐπ’
659 695 896 782 ἀεξιφύλλους,
931 717 1026 780 quem
1055 715 1120 761 uua
1145 715 1215 762 cnm
1238 696 1378 761 Pindaro

46 792 320 888 truncabimus,
358 805 441 872 alter
467 804 607 888 Ghoeplr.
635 807 699 870 722
724 807 817 889 (703)
852 823 948 889 anap.
979 801 1155 869 ὠπόπνια
1187 801 1288 886 χθὼν
1323 803 1380 869 καὶ

44 903 210 978 πότνι’
248 911 352 996 ἀκοὴ
374 913 546 997 χώματος,
583 911 605 996 ἣ
633 916 697 978 νῦν
733 912 789 978 ἐπὶ
822 912 983 994 ναυάρχῳ
1019 912 1152 996 σώματι
1186 917 1295 977 κεῖσαι
1329 913 1379 993 τῷ

47 994 268 1104 βασιλείῳ,
306 1020 344 1087 ci.
372 1021 608 1087 Wilamowitzii
633 1026 802 1087 comment.
838 1040 869 1102 p.
894 1023 969 1084 221.
1016 1020 1197 1102 Explicatio
1226 1020 1300 1086 inde
1324 1039 1379 1101 pe·

47 1113 197 1193 tenda
220 1134 279 1211 est,
305 1129 391 1212 quod
414 1130 598 1211 sepulcrum
615 1127 700 1211 ἀκτή
725 1136 785 1211 est,
811 1127 984 1210 „scopulus
1008 1128 1040 1192 in
1066 1147 1123 1193 ora
1139 1128 1238 1193 maris
1262 1127 1378 1209 situs“,

55 1225 147 1298 &d
167 1255 258 1318 quem
283 1237 396 1304 classis
421 1238 484 1302 dux
509 1241 566 1302 aut
589 1236 688 1318 periit
711 1241 769 1303 aut
791 1235 945 1318 appulsit.

203 1344 396 1428 Priusquam
421 1343 738 1426 comprehendamus,
764 1344 842 1426 quid
867 1344 907 1410 de
930 1361 1028 1411 sensu
1051 1344 1137 1410 vocis
1162 1343 1295 1426 eiusque
1318 1361 1378 1408 usu

61 1444 184 1525 aDud
200 1452 415 1519 Athenienses
431 1452 639 1535 reliquosque
655 1452 812 1532 Helladis,
827 1453 848 1515 i.
866 1471 893 1518 ε.
912 1452 1108 1518 continentis
1125 1450 1278 1532 Graecae,
1293 1450 1379 1516 inco·

62 1534 149 1623 las
163 1565 327 1643 sequatur,
353 1561 542 1627 tractandus
559 1560 650 1627 nohis
668 1565 719 1626 est
735 1560 930 1624 Pindarus
947 1566 1081 1641 propter
1105 1559 1286 1626 artissimas
1310 1560 1380 1625 eius

69 1666 169 1731 cum
197 1667 349 1751 Aeschyli
373 1668 513 1733 dictione
529 1667 778 1733 vicissitudines.
826 1665 859 1731 Is
875 1664 1144 1748 significationem
1168 1669 1379 1750 paeninsulae

72 1775 162 1841 1lon
186 1774 329 1851 exhibet,
351 1793 446 1857 quam
470 1779 580 1840 tamen
604 1775 690 1856 apud
714 1774 997 1857 Bacchylidem
1021 1774 1091 1840 XV.
1118 1777 1158 1838 16
1189 1777 1229 1839 de
1254 1774 1379 1842 Cenaeo

77 1872 217 1951 dictam
249 1884 342 1968 legis.
390 1883 510 1949 Contra
546 1880 631 1966 ἀκοή
668 1884 696 1948 ei
733 1888 784 1949 est
818 1883 896 1948 litus
920 1882 1054 1965 rupibus
1090 1882 1257 1949 horridum
1291 1885 1380 1951 velut

74 1978 156 2074 frg.
181 1993 246 2058 203
271 1989 410 2071 πελάγει
433 1989 466 2055 d’
493 1989 530 2054 ἐν
553 1987 783 2074 πολυχρύσοιο
813 1988 968 2055 πλουτου
992 1990 1120 2070 πάντες
1150 1988 1207 2055 ἴσα
1230 1989 1381 2074 πλέομεν

75 2095 233 2181 woodo}
256 2096 360 2181 πρὸς
384 2095 525 2178 ἀκτὰν,
549 2115 594 2163 sc.
611 2098 666 2163 ubi
683 2098 843 2180 perimus3
868 2098 963 2165 simil.
981 2098 1075 2182 Pyth.
1090 2097 1144 2163 IV.
1171 2100 1227 2182 36,
1251 2099 1307 2165 XI.
1326 2102 1378 2168 21.

75 2196 256 2290 imprimis
280 2207 306 2271 l.
330 2207 372 2270 79
398 2205 437 2270 da
453 2204 551 2270 litore
575 2223 678 2287 prope
703 2205 880 2287 Himeram,
905 2224 1001 2289 qnam
1018 2206 1195 2289 Aeschylus
1211 2206 1271 2289 frg.
1291 2208 1379 2274 32.2

75 2319 189 2383 vocat
226 2312 455 2396 ὑψίκρημυος.
501 2312 650 2394 Denique
673 2318 726 2379 ter
748 2332 857 2382 vocem
881 2322 1020 2397 usurpat
1055 2316 1095 2381 de
1119 2316 1203 2381 ostio
1227 2313 1379 2399 fluminis,

75 2415 140 2490 ita
156 2427 195 2488 nt
213 2420 390 2503 Aeschylus
406 2420 477 2486 loco
495 2439 594 2503 supra
610 2421 750 2486 nondum
769 2422 918 2505 expedito
935 2421 1028 2489 Nem.
1045 2422 1100 2489 IX.
1120 2424 1163 2488 40
1178 2420 1382 2507 βαθυκρήμ-

76 2545 184 2596 νοισι
208 2527 241 2595 d’
267 2526 357 2611 ἀμφ’
376 2525 523 2609 ἀκταῖς
544 2524 707 2611 Ἑλώρου,
726 2528 774 2595 Ol.
792 2530 864 2595 Vll.
881 2531 922 2595 33
944 2528 1115 2612 Λερναίας
1136 2527 1378 2616 caemar),

75 2631 209 2705 Isthm.
232 2636 275 2702 ΙΙ.
300 2637 342 2699 42
359 2631 487 2700 Νείλου
510 2634 600 2718 πρὸς
623 2633 765 2705 ἀκτάν.
791 2637 883 2716 Quod
908 2638 1045 2721 deripis
1068 2636 1235 2704 fluminum
1258 2640 1379 2705 dictum

84 2763 170 2814 esse
186 2763 252 2811 non
276 2751 326 2810 est
342 2744 528 2826 verisimile,
553 2745 629 2826 quia
645 2746 792 2812 omnibns
809 2746 876 2811 illis
899 2747 979 2812 locis
1004 2747 1152 2813 ostium
1177 2745 1380 2831 intelligitur,

87 2854 191 2921 cuius
214 2853 264 2920 rei
287 2852 459 2934 explicatio
483 2850 623 2919 fortasse
659 2870 698 2918 ex
722 2853 848 2920 Solonis
871 2853 942 2921 loco
977 2873 1076 2938 supra
1100 2874 1212 2922 comm.
1236 2857 1379 2939 petenda

89 2968 159 3046 est,
184 2962 241 3044 qui
264 2959 331 3026 Nili
355 2960 474 3025 ostium
498 2959 693 3027 Oanobicum
719 2959 826 3044 ἀκτήν
850 2963 985 3030 vocavit.

207 3068 369 3152 Sequitur,
405 3073 562 3152 utquam
586 3069 783 3136 brevissimis
823 3077 856 3136 et
880 3072 920 3137 de
945 3071 1123 3153 Sophocleo
1148 3076 1181 3137 et
1205 3070 1380 3153 Euripidae

90 3197 159 3245 usu
195 3176 295 3243 verba
330 3175 494 3243 iaciamus.
541 3179 583 3244 Et
618 3178 673 3243 ille
709 3178 839 3261 quidem
872 3177 1143 3261 significationem
1167 3178 1381 3259 promunturii

91 3285 256 3370 praetulit
280 3285 392 3352 Trach.
419 3287 480 3350 237
500 3286 600 3366 trim.,
627 3287 690 3351 637
715 3286 812 3367 chor,
839 3287 903 3352 762
920 3287 1007 3354 trim.
1032 3286 1072 3351 dc
1096 3285 1233 3366 Cenaeo,
1257 3284 1319 3366 frg.
1337 3285 1380 3349 43

94 3394 138 3460 de
164 3393 364 3477 Sarpedone,
401 3393 557 3459 Thraciae
581 3395 816 3477 promuntorio,
852 3395 988 3460 alteram
1023 3393 1130 3460 litoris
1164 3393 1272 3460 saxosi
1296 3393 1379 3458 Phil.

101 3505 129 3584 l,
148 3502 226 3577 272,
253 3503 337 3567 1017
356 3502 441 3568 trim.
460 3501 500 3567 de
516 3501 636 3567 Lemno
654 3500 769 3580 insula,
788 3502 863 3567 Ant.
882 3504 956 3583 814,
982 3502 1047 3567 968
1066 3501 1165 3583 chon,
1189 3500 1252 3583 frg.
1270 3503 1379 3567 480.1

96 3610 198 3691 trim.,
235 3610 312 3676 Oed.
339 3616 398 3693 lyr.
441 3611 502 3675 178
528 3609 612 3674 chor.
648 3610 687 3674 de
723 3610 916 3694 Acheronte,
953 3610 1032 3676 Oed.
1062 3607 1130 3675 Gol.
1170 3611 1253 3674 1241
1281 3609 1379 3688 chor,

98 3718 266 3785 Anthea
296 3718 381 3784 chor.
428 3719 512 3783 item
534 3716 595 3802 fug.
629 3719 738 3785 eoa]
767 3719 852 3784 trim.
888 3718 1082 3784 ἐπαπιίαι
1118 3715 1273 3798 αὐλῶνες
1306 3721 1383 3783 sunt

97 3826 271 3909 augustiae
305 3828 391 3892 inter
424 3845 512 3894 saxa.
561 3827 701 3892 Atticam
737 3826 900 3910 significat
930 3826 1007 3893 Oed.
1034 3827 1101 3894 Ool.
1133 3827 1218 3890 1049
1248 3825 1296 3890 ch.
1320 3823 1381 3906 frg.

98 3934 225 4017 8722,
253 3936 272 3998 6
296 3935 394 4016 trim.,
431 3935 522 4000 velut
557 3933 616 4017 frg.
643 3936 684 4000 65
716 3932 868 4019 Ἀιπλιρυ
891 3932 994 4001 λίθον
1028 3934 1161 4017 inducit,
1200 3933 1383 4014 Argolicam

98 4047 209 4108 autem
233 4039 340 4125 ἀκτήν
365 4043 478 4109 Trach.
506 4044 589 4107 1151
617 4043 702 4108 trim.
728 4042 873 4108 ἐπαιπία
900 4041 1029 4126 Τίρυνς,
1054 4061 1124 4108 cum
1150 4042 1190 4105 ad
1207 4041 1383 4107 Homerum

97 4150 233 4217 recedat
264 4149 311 4218 Ai.
336 4152 402 4216 413
428 4150 514 4215 chor.
538 4149 644 4231 νέμος
667 4149 830 4215 ἐπάκτιον
865 4151 897 4216 iu
922 4150 1057 4216 Troadis
1081 4150 1187 4214 litore.
1237 4150 1383 4233 Denique

98 4268 314 4279 ———

208 4327 232 4398 1)
250 4326 336 4381 Plane
367 4327 502 4381 incertum
533 4329 583 4395 est,
612 4325 685 4396 quod
713 4326 866 4381 Ahreneius
895 4325 1014 4380 correxit
1042 4324 1095 4394 Ag.
1124 4327 1177 4382 985
1205 4326 1282 4397 (947)
1310 4328 1383 4381 chor.

98 4412 220 4487 olalalrd.
256 4417 325 4471 Item
345 4415 397 4484 Ag.
419 4418 487 4471 1182
505 4416 601 4487 (1136)
620 4415 692 4470 trim.
713 4413 796 4472 ἁκιοὶς
814 4415 884 4469 coni.
904 4414 1000 4469 Aurat.
1047 4468 1049 4473 .

206 4506 229 4578 2)
247 4506 300 4560 Hie
319 4505 397 4559 locus
416 4507 509 4575 potius
529 4506 563 4560 de
581 4504 746 4576 paeninsula
764 4504 840 4559 urhis
859 4503 997 4575 Naupliao
1017 4506 1137 4576 scriptus
1157 4510 1208 4575 est,
1228 4522 1297 4578 quae
1316 4507 1382 4558 ilem

100 4595 153 4667 Ag.
171 4599 224 4652 493
243 4597 320 4667 (471)
340 4594 529 4651 srrhaudienda
548 4600 598 4650 est.
