3232 5176
695 256 915 318 ...69-

166 439 278 504 tudine
302 437 390 518 legit.
411 436 505 516 Apud
529 434 704 499 Lacones
721 433 900 498 Ahrcnsius
922 432 997 498 dial.
1022 432 1061 497 11.
1088 453 1118 516 p.
1138 436 1179 498 49
1199 433 1333 500 coniecit
1348 434 1448 502 fuisse
1470 472 1472 476 ·

164 544 350 632 *θάτακος
376 538 900 624 ε1.11εεγο1ιίἰθάβακον·θᾶκον
923 540 994 605 siue
1018 540 1153 622 originis
1177 540 1281 623 signo.
1313 541 1447 607 Alcman

164 653 292 736 quidem
328 650 387 732 hg.
414 653 455 714 81
493 649 560 714 ἐπὶ
588 646 705 713 θάκω
735 647 825 712 dixit.
872 646 1022 712 Incertae
1059 652 1167 712 autem
1204 648 1338 730 originis
1374 656 1449 715 sunt

165 760 319 843 Hesychii
344 758 471 839 glossae
500 753 763 838 θιατεθώκηται,
789 751 946 834 ἐθώκισε,
971 752 1186 822 ἐνθωκώσαι.

270 867 395 949 Restat,
421 870 457 930 ut
480 865 519 929 de
537 863 835 929 Atheniensium
854 862 993 928 dialecto
1011 863 1222 945 disputemus
1248 867 1282 928 et
1305 863 1446 945 primurn

165 975 294 1058 quidem
330 973 527 1055 tragicorum
552 976 723 1052 poetarum
759 970 847 1035 locos
884 970 1119 1052 conquiramus,
1155 976 1327 1053 postquam
1356 990 1449 1054 prae·

165 1082 346 1148 monuimus
369 1079 505 1146 formam
530 1083 731 1143 contractam
754 1072 847 1141 θωκ-
872 1076 944 1142 ideo
962 1077 1103 1143 Atticam
1127 1076 1228 1144 fuisse
1251 1098 1315 1145 uon
1341 1098 1448 1161 posse,

165 1190 240 1271 ucria
265 1195 338 1254 orta
362 1194 412 1253 est
436 1204 475 1250 ex
498 1183 639 1274 dafua,
664 1182 702 1250 cl.
734 1204 764 1266 p.
789 1186 809 1249 8
834 1189 868 1250 et
892 1187 929 1249 51
964 1186 1104 1251 deunce
1125 1183 1302 1269 χειρῶναξ.
1349 1187 1448 1254 Athe·

165 1299 293 1362 nienses
317 1296 401 1358 euim
426 1293 555 1360 vocales
578 1312 631 1372 ou,
669 1291 827 1382 flittera
854 1292 997 1376 expulsa,
1035 1293 1280 1360 conservabant.
1329 1294 1449 1361 Tamen

164 1388 352 1470 tradituro]
383 1402 416 1466 in
446 1399 618 1482 Phrynichi
651 1400 841 1483 tragoediae
876 1399 1005 1465 nomine
1040 1397 1224 1466 Σάνθωκοι
1255 1420 1306 1484 ap.
1348 1401 1448 1484 Suid.,

166 1512 312 1593 Aeschyl.
348 1510 454 1575 Prom.
491 1509 552 1573 831
591 1507 684 1590 (829)
720 1508 816 1582 trim.,
854 1507 951 1590 Soph.
980 1507 1093 1574 Trach.
1129 1509 1171 1574 23
1202 1509 1299 1588 trim.,
1335 1510 1448 1593 Eurip.

165 1619 224 1699 lrg.
263 1622 372 1683 1991
406 1617 503 1696 trim.,
541 1614 579 1681 cf.
605 1615 715 1680 Thom.
734 1634 818 1696 mag.
837 1612 958 1696 ddaog·
988 1613 1149 1697 Ἀττικὸν,
1174 1614 1305 1699 θρόνος
1331 1613 1450 1698 Ἑλλη-

164 1725 269 1807 νικὸν,
306 1723 446 1804 θῶκος
482 1722 730 1805 ιτοιητικόνωεο
772 1723 895 1802 dubito,
931 1724 1009 1805 quin
1051 1723 1131 1790 haec
1167 1724 1330 1806 scriptura
1364 1724 1450 1789 inter

166 1834 277 1900 Ionica
313 1833 384 1916 (aut
420 1830 524 1913 epica)
561 1831 722 1896 elementa
746 1831 923 1896 incertiora
945 1851 976 1912 p.
1004 1833 1022 1895 ‘l
1055 1831 1189 1897 collecta
1223 1831 1372 1914 ponenda
1395 1833 1448 1898 sit.

166 1942 273 2006 Etiam
297 1941 456 2006 Pindarus
490 1939 550 2003 hac
586 1939 620 2004 in
649 1937 745 2004 fallor
774 1938 901 2003 ratione
933 1940 1048 2004 ductus
1073 1939 1204 2005 exhibet
1226 1939 1321 2023 Pyth.
1347 1939 1402 2004 XI.
1429 1943 1448 2003 6

167 2045 303 2113 ἀλαθέα
327 2048 498 2129 μαντείων
521 2044 651 2111 θῶκον.
699 2045 747 2109 De
771 2044 896 2110 Cratini
920 2046 991 2112 loco
1015 2047 1089 2112 ride
1111 2044 1205 2112 inira.

274 2156 481 2237 Tragicorum
521 2160 629 2218 autem
670 2153 817 2235 exempla
857 2153 1009 2219 universa
1051 2154 1131 2220 haec
1167 2159 1256 2220 suut:
1297 2154 1449 2238 Aeschyli

167 2263 274 2328 rrum.
300 2264 365 2328 aco
389 2261 481 2348 (aaa)
511 2280 605 2343 τωρ.
630 2244 1012 2343 οεκοοκροιωοεσα,
1048 2261 1125 2326 runc.
1152 2264 1215 2327 ara
1241 2259 1334 2349 (ιιι)
1365 2263 1447 2328 cerm.

167 2368 304 2453 μακρὰν
340 2367 503 2451 ἀνωτέρω
526 2367 670 2433 θακῶν
695 2367 819 2451 (Ζεύς),
855 2369 934 2435 ibid.
959 2371 1023 2434 389
1048 2369 1141 2452 (393)
1166 2371 1251 2434 trim.
1288 2372 1337 2452 τῷ
1370 2370 1449 2434 νέον

166 2477 370 2544 θακοῦντι
392 2482 599 2560 παγκρατεῖς
622 2474 724 2558 copae
748 2477 858 2558 (dori),
884 2476 961 2542 ibid.
987 2478 1048 2542 831
1076 2478 1170 2559 (829)
1195 2478 1280 2542 trim.
1303 2481 1449 2558 μαντεῖα

166 2585 309 2666 θῶκός
331 2586 364 2650 τ’
391 2583 461 2650 ἐστὶ
486 2582 694 2667 Θεσπρωτοῦ
718 2583 807 2665 Διός,
830 2586 903 2668 Ag.
930 2587 994 2649 519
1019 2585 1111 2668 (491)
1136 2585 1223 2651 trim.
1261 2585 1380 2666 σεμνοί
1412 2601 1449 2648 τε

167 2691 300 2758 θᾶκοι.
347 2694 409 2757 Pro
442 2691 590 2758 θαάσσω
616 2698 733 2771 autem,
765 2692 936 2758 Homerico
971 2693 1080 2772 verbo,
1117 2712 1136 2757 a
1169 2694 1270 2774 stirpe
1305 2688 1449 2785 *dofna-

167 2803 297 2866 ductum
333 2806 383 2867 est
417 2800 548 2865 verbum
582 2796 718 2881 θοάζω;
750 2799 866 2866 Aesch.
897 2800 1007 2882 Snppl.
1046 2801 1108 2865 595
1135 2799 1228 2886 (575)
1263 2798 1350 2865 chor.
1385 2797 1450 2864 ὑπ’

168 2908 275 2992 ἀρχάς
298 2906 331 2973 d‘
356 2906 491 2989 οὔτινος
514 2906 680 2989 θοάζων
697 2908 778 2972 hauc
796 2925 904 2972 vocem
926 2907 1067 2987 exhibet,
1092 2906 1191 2975 schol.
1210 2906 1273 2973 οὐκ
1295 2905 1366 2985 ὑπὸΙ
1386 2905 1448 2986 τὰς

168 3015 275 3099 ἀρχὰς
310 3015 348 3081 de'
376 3034 468 3096 τινος
502 3019 574 3081 τῶν
607 3014 816 3097 κρεισσόνων
851 3013 1059 3097 καθήμενος.
1108 3015 1284 3098 Sophocles
1319 3033 1446 3098 quoque

167 3125 298 3206 scripsit
322 3123 399 3190 Oed.
425 3129 487 3206 tyr.
518 3126 537 3187 2
561 3123 647 3189 trim.
681 3123 777 3203 τίνας
800 3120 887 3187 καθ’
915 3121 1017 3205 ἕδρας
1041 3121 1145 3188 τάσδε
1171 3143 1231 3205 μοι
1257 3121 1447 3204 θοάζετε,

167 3252 231 3315 qua
266 3233 306 3298 de
341 3250 417 3297 voce
452 3233 486 3296 in
520 3233 626 3314 capite
662 3230 744 3312 1111)
780 3231 1026 3313 disputabimus,
1067 3229 1244 3312 Sophocles
1276 3236 1447 3312 praeterea

166 3340 261 3405 huius
300 3340 412 3421 stirpis
451 3339 597 3422 exempla
635 3339 771 3421 praebet
809 3335 921 3418 θάκος
965 3337 1039 3402 Aut.
1076 3339 1151 3419 999,
1193 3337 1270 3403 Oed.
1311 3336 1377 3403 Col.
1416 3339 1446 3420 9,

167 3447 226 3530 lrg.
258 3449 308 3512 85.
328 3449 358 3531 3,
393 3445 512 3512 θακέω
548 3447 597 3513 Ai.
634 3448 706 3526 106,
737 3446 811 3525 325,
848 3446 943 3526 1113,
980 3444 1059 3510 Oed.
1088 3450 1150 3528 tyr.
1176 3446 1228 3526 20,
1265 3444 1378 3511 Trach.
1404 3446 1445 3509 23

168 3553 334 3640 (θωκὲω),
370 3554 449 3620 Oed.
475 3553 542 3621 (lol.
567 3555 642 3635 340,
680 3552 824 3636 θάκημα
852 3552 930 3620 Oed.
957 3551 1023 3619 (lol.
1052 3556 1146 3634 1160,
1174 3555 1270 3635 1119,
1304 3555 1389 3619 1380
1413 3554 1446 3618 iu

168 3663 330 3728 diverbiis.
397 3661 501 3728 Semel
540 3661 640 3727 etiarn
678 3658 803 3726 θάσσω
849 3665 1050 3727 contractum
1089 3680 1128 3726 ex
1168 3663 1258 3744 epico
1297 3660 1445 3727 θαάσσω

168 3771 300 3852 scripsit
334 3769 412 3836 Oed.
438 3777 499 3852 tyr.
527 3772 587 3834 161
625 3769 711 3835 chor.
760 3768 933 3851 Euripides
969 3769 1107 3851 denique
1142 3771 1276 3836 verbum
1310 3768 1444 3844 θάσσω,

169 3879 253 3962 quod
278 3879 309 3943 in
335 3879 505 3960 tragoedia
530 3883 617 3944 certe
642 3877 768 3958 epicum
796 3877 1002 3942 iudicandum
1027 3883 1087 3957 est,
1124 3877 1251 3943 vicies
1276 3877 1323 3956 (et
1347 3876 1445 3943 semel

167 3987 199 4051 in
224 3986 343 4071 Rheso)
368 3985 508 4067 scripsit,
545 4003 644 4067 quare
675 3983 908 4065 Aristophanes
934 3985 1126 4066 Thesmoph.
1152 3986 1216 4050 889
1252 3984 1337 4049 trim.
1373 4002 1445 4049 eum

168 4095 326 4159 dicentem
358 4093 481 4158 inducit
504 4093 538 4155 at
561 4089 603 4173 δὴ
628 4089 669 4155 σὺ
693 4088 868 4171 θάσσεις
895 4090 998 4157 τάσθε
1021 4090 1203 4175 τυμβήρεις
1227 4089 1338 4173 ἕδρας.
1384 4092 1444 4157 Pa·

167 4201 274 4267 rodice
298 4201 357 4265 hos
381 4219 493 4267 versus
517 4204 628 4266 cantos
664 4216 735 4264 esse
771 4198 835 4263 iam
865 4199 941 4266 inde
965 4200 1081 4281 elucet,
1106 4200 1191 4283 quod
1216 4200 1370 4266 adversus
1394 4218 1445 4265 co-

167 4309 312 4375 moediae
345 4308 511 4375 licentiam
545 4305 787 4374 accuratissime
824 4309 994 4390 compositi
1030 4311 1118 4374 suut.
1168 4305 1281 4389 θάκος
1316 4307 1445 4375 exhibet

277 4564 296 4631 ¹)
314 4559 461 4630 Euripides
480 4555 572 4622 θοάζω
591 4573 607 4612 a
626 4557 712 4628 stirpe
731 4552 797 4620 θοός
816 4556 928 4613 ductum
948 4572 1030 4628 saepe
1048 4557 1199 4628 usurparit.
