3232 5176
693 305 912 367 ..47-

166 486 198 548 et
232 481 393 547 Prelluitz
428 484 471 547 et.
501 479 661 547 Wdrterb.
695 499 720 547 s.
748 502 777 547 v.
813 478 985 564 ldqooper:
1024 479 1229 565 ἀμφιλαφής
1263 488 1314 549 est
1352 504 1438 566 ,um·
1521 497 1527 516 ²

165 588 328 672 fassendr,
352 589 436 654 sicut
458 589 590 654 verbum
614 585 889 672 ἀμφιλαμβάνειν
913 609 952 655 ex
967 590 1167 672 Hippocrate
1190 612 1226 656 π.
1244 588 1345 675 ἀρδρ.
1364 590 1437 676 ἐμβ.

167 696 220 771 37,
245 695 285 759 ΙΙ.
307 697 416 761 1576
440 695 519 760 Klu.
543 701 654 761 notum
679 701 737 763 est.
786 697 889 762 Radix
913 703 963 763 est
986 697 1085 762 labb.
1127 698 1228 776 Quam
1252 700 1439 782 originatio-

168 820 242 869 nem
266 820 322 868 cur
345 804 494 886 repudiet
516 803 582 869 Leo
605 805 724 887 Meyer,
754 824 800 887 gr.
825 805 928 888 Etym.
952 805 977 886 I,
1001 825 1031 887 p.
1051 807 1125 888 248,
1157 825 1278 889 negans
1300 804 1439 890 -λαῳεσ-

166 910 271 976 adhuc
300 911 490 992 explicatum
521 929 603 992 esse,
634 932 695 978 non
721 913 823 979 video.
871 914 918 978 Ex
946 914 1003 978 illa
1026 914 1181 996 primarIa
1204 913 1439 996 significatione

166 1017 311 1101 reliquae
333 1017 485 1084 facillime
509 1019 713 1085 derivantur:
736 1020 919 1087 umfassend
936 1059 977 1067 -
990 1022 1064 1087 weit
1079 1059 1117 1069 -
1135 1022 1220 1088 breit
1238 1059 1279 1071 -
1295 1021 1440 1104 umiang·

166 1126 319 1192 reich-
346 1127 507 1191 zoblreioh
542 1127 613 1193 sim.
660 1127 744 1193 Usus
778 1128 866 1193 vocis
901 1128 1016 1194 iisdem
1050 1127 1118 1195 fere
1152 1128 1270 1196 finibus
1307 1132 1440 1197 circum-

168 1235 308 1316 scriptus
345 1239 394 1300 est
428 1239 525 1318 atque
557 1235 643 1300 vocis
673 1233 882 1317 ἀμφιδέξιοςε
919 1236 1050 1317 proprie
1086 1242 1119 1302 et
1146 1238 1266 1304 tralate
1301 1238 1441 1304 occurrit

167 1343 254 1424 apud
276 1343 384 1419 Iones,
417 1343 495 1408 item
520 1342 605 1424 apud
628 1342 769 1425 tragicos
794 1348 827 1409 et
849 1343 1034 1425 Pindarum,
1059 1362 1122 1409 non
1147 1345 1231 1427 apud
1255 1346 1439 1428 Homerum,

168 1469 231 1516 non
268 1452 353 1532 apud
377 1451 511 1531 Attiros,
545 1469 619 1515 nam
642 1450 735 1517 Plato
764 1451 921 1533 imprimis
951 1452 985 1516 in
1008 1450 1155 1517 Phaedro
1185 1453 1287 1535 magis
1314 1455 1440 1535 poetice

167 1558 322 1640 loquitur,
347 1577 443 1641 quam
466 1564 503 1623 ut
517 1558 646 1624 AtIIcae
671 1559 910 1625 consuetudinis
934 1560 1028 1625 testis
1043 1559 1249 1642 incorruptus
1266 1561 1319 1627 sit.
1353 1562 1441 1640 Quae

170 1684 241 1731 cum
269 1666 316 1731 ita
345 1667 425 1748 sint,
460 1683 569 1733 uocem
597 1666 683 1731 inter
705 1667 831 1733 Ionicos
861 1668 1042 1749 ponendam
1078 1669 1225 1734 duximus
1259 1668 1300 1735 iis
1337 1669 1441 1734 causis

170 1774 331 1854 commoti,
350 1793 430 1856 quas
446 1774 650 1857 exposuimus
667 1793 692 1842 s.
705 1794 733 1840 v.
751 1771 957 1856 ἀμφιδέξιος.
993 1774 1041 1839 Ne
1057 1775 1128 1857 quis
1141 1793 1218 1840 uero
1238 1793 1277 1839 ex
1292 1793 1441 1840 mensura

169 1882 405 1947 dubitationem
434 1887 569 1962 moveat,
606 1883 681 1965 qula
709 1918 727 1925 -
745 1923 762 1946 ι
781 1923 798 1946 ι
816 1917 834 1924 -
862 1900 975 1946 revera
1005 1883 1038 1947 in
1067 1883 1172 1948 iambo
1202 1882 1265 1947 dici
1293 1886 1440 1963 nequeat,

170 1989 248 2055 talis
272 1989 357 2055 vocis
381 1990 470 2056 locus
494 1991 526 2054 in
551 1990 662 2071 epodis
685 1988 757 2070 fuit,
783 1987 820 2053 oi.
847 1989 965 2054 Archil.
989 1987 1051 2070 frg.
1069 1991 1110 2054 84
1127 2008 1195 2072 sqq.

654 2171 956 2239 ΜΕΤΑΙΧΜΙΟΣ.

281 2310 370 2394 Sept.
390 2312 451 2374 197
469 2308 561 2394 (179)
578 2309 663 2378 trim.
689 2308 774 2392 ἀνὴρ
798 2310 881 2392 γονή
905 2328 942 2374 τε
960 2306 1046 2391 χῶτι
1066 2311 1137 2374 τῶν
1152 2311 1350 2392 μεταίχμιον
1376 2311 1444 2393 „vir

172 2418 351 2501 mulierque
376 2424 409 2484 et
432 2419 460 2483 si
484 2418 561 2500 quid
584 2419 616 2483 in
641 2417 745 2482 medio
771 2421 853 2498 est“,
880 2416 917 2482 cf.
943 2418 1041 2483 schol.
1060 2415 1311 2483 recrudesceret
1329 2467 1336 2483 .
1354 2467 1361 2484 .
1379 2468 1386 2484 .
1404 2418 1443 2484 τὸ

172 2527 369 2609 μεταίχμιον
392 2523 466 2590 κτλ.
505 2524 646 2607 Gheeph.
666 2527 706 2590 63
724 2526 794 2610 (57)
811 2526 897 2590 chor.
922 2525 959 2590 ἐν
981 2528 1169 2608 μεταιχμίῳ
1195 2525 1318 2590 σκότον
1340 2528 1443 2609 μένει.

174 2633 547 2719 ibidemmanebat.
576 2630 768 2715 πεδαίχμιοι
795 2630 973 2714 λαμπάδες
1000 2630 1172 2715 πεδάοροι.
1223 2634 1284 2700 His
1318 2654 1445 2719 quoque

173 2741 251 2806 locis
279 2743 475 2822 μεταίχμιος
503 2748 553 2806 est
583 2742 637 2820 „in
660 2742 798 2822 medio“,
835 2743 930 2824 plane
954 2742 1102 2823 neglecta
1124 2743 1212 2808 uocis
1241 2743 1444 2826 etymologia.

174 2848 276 2926 Quam
301 2849 413 2913 stricte
439 2849 585 2930 sequitur
608 2849 717 2931 Eurip.
744 2849 841 2916 Pboe.
860 2851 955 2934 1240,
983 2851 1077 2930 1279,
1104 2851 1199 2930 1371,
1227 2850 1353 2916 Heracl.
1379 2853 1443 2916 803

173 2956 259 3022 trim.
285 2955 340 3020 ubi
367 2973 438 3036 μετ.
467 2954 629 3038 significat
656 2957 759 3039 „inter
784 2958 972 3025 exercitus“.
1025 2958 1152 3024 Detrite
1180 2957 1309 3023 exhibet
1334 2976 1444 3024 vocem

173 3062 333 3144 Lycophr.
351 3063 399 3128 ΑΙ.
418 3065 482 3127 443
499 3065 584 3128 trim.
610 3063 646 3128 ἐν
669 3067 855 3148 μεταιχμίῳ
874 3114 881 3131 .
900 3118 906 3133 .
925 3118 932 3132 .
951 3063 1064 3146 ἁγνῶν
1087 3065 1194 3147 ἠοίων
1214 3065 1319 3141 „inter
1335 3084 1443 3132 sacros

173 3169 346 3235 tumulos“.
382 3170 459 3237 ibid.
477 3173 560 3236 1435
578 3172 664 3238 trim.
688 3169 812 3236 πολλοί
835 3171 867 3236 δ’
884 3171 1014 3254 ἀγῶνες
1036 3172 1093 3236 καὶ
1117 3173 1225 3253 perol
1240 3174 1440 3254 μεταίχμιον,

173 3279 258 3359 quod
282 3278 435 3364 paraphr.
461 3279 600 3361 explicat
624 3278 660 3342 ἐν
685 3282 733 3360 τῷ
756 3277 891 3360 μεταξύ.

279 3386 396 3452 Atticis
411 3406 472 3452 uox
487 3387 584 3468 plane
599 3388 712 3470 ignota
729 3393 788 3452 est.
812 3386 966 3453 Servatur
982 3392 1089 3453 autern
1102 3388 1134 3452 in
1148 3387 1253 3453 iambo
1266 3388 1377 3468 adesp.
1391 3389 1443 3466 20,

172 3493 291 3577 Bergk,
320 3493 378 3576 lyr.
399 3493 507 3575 μοει.3
530 3494 588 3576 ΙΙΙ,
613 3514 644 3577 p.
665 3495 750 3559 1326
775 3496 859 3575 apud
884 3494 947 3562 Gic.
973 3495 1015 3560 ad
1038 3499 1102 3561 Att.
1121 3496 1211 3561 VL3
1237 3495 1306 3560 init.
1331 3490 1445 3559 πολλὰ

173 3599 201 3665 δ’
226 3599 263 3666 ἐν
285 3602 472 3683 μεταιχμίῳ
493 3601 497 3685 l
518 3599 634 3682 Νότος
656 3599 804 3667 κυλίνδει
826 3602 946 3684 κύματ’
973 3600 1104 3685 εὐρείης
1128 3600 1221 3682 ἁλός.
1271 3603 1445 3668 Praeterea

172 3710 260 3792 apud
272 3709 471 3775 Herodotum
484 3709 570 3774 haud
587 3710 700 3778 semel:
725 3710 779 3776 VI.
794 3713 834 3775 77
850 3711 1048 3793 μεταίχμιον
1064 3709 1104 3775 ori
1115 3711 1201 3792 μέγα
1218 3707 1446 3789 ἀπολιπόντες

173 3817 313 3901 (Argivi)
350 3814 462 3897 ἵζοντο
497 3815 606 3882 ἀντίοι
640 3823 728 3883 τοῖσι
762 3816 1067 3901 Λακεδαιμονίοισι.
1116 3819 1168 3885 VI.
1189 3819 1251 3883 112
1284 3815 1373 3899 ἦσαν
1408 3814 1446 3881 δὲ

172 3922 304 3989 στάδιοι
327 3922 390 3989 οὐκ
414 3921 598 4005 ἐλάσσονες
621 3925 661 3991 τδ
684 3928 882 4009 μεταίχμιον
906 3924 1021 3990 αὐτῶν
1044 3923 1174 4007 ἢδκτώ
1198 3927 1297 4010 (inter
1312 3924 1446 3988 Atheni-

173 4049 267 4098 enses
296 4037 329 4097 et
356 4032 498 4114 Persas).
546 4032 632 4099 VIII.
654 4030 750 4115 14οβ
785 4031 946 4114 δειμαίνω
970 4032 1056 4115 ὑπὲρ
1080 4031 1196 4115 ὑμέων
1220 4030 1257 4095 έν
1279 4028 1384 4112 τρίβῳ
1409 4047 1446 4094 τε

171 4137 320 4220 μάλιστα
355 4139 546 4220 οἰκημένων
580 4142 651 4204 τῶν
685 4139 872 4221 συμμάχων
895 4140 1036 4204 πάντων
1061 4140 1126 4204 αἰεί
1146 4156 1183 4203 τε
1207 4136 1446 4220 ῳδειρομένων

172 4246 313 4326 μούνων
339 4243 508 4328 ἐξαίρετον
530 4245 729 4328 μεταίχμιόν
744 4263 780 4310 τε
795 4244 859 4328 τὴν
874 4249 935 4328 γῆν
951 4246 1146 4328 ἐκτημένων
1162 4247 1260 4331 (inter
1275 4245 1446 4310 Persarum

173 4371 309 4437 regnum
338 4359 371 4418 et
394 4353 559 4438 Atticam).
606 4355 711 4435 Atque
739 4353 900 4436 prioribus
925 4353 1047 4419 duobus
1071 4353 1151 4418 locis
1174 4371 1269 4418 sensu
1292 4353 1446 4434 primario

173 4480 234 4528 uox
268 4460 390 4541 legitur
424 4461 532 4539 „inter
556 4467 666 4526 arma“
691 4461 758 4526 siue
782 4462 888 4540 ,inter
911 4460 1102 4527 exercitus“.
1149 4460 1186 4525 In
1209 4461 1314 4526 iambo
1338 4465 1446 4527 autem

172 4569 228 4634 illo
254 4572 287 4632 et
303 4567 462 4635 Herodoti
484 4570 583 4635 tertio
607 4571 677 4636 loco
694 4569 790 4654 plane
807 4570 979 4636 contritum
995 4575 1047 4638 est
1062 4587 1166 4654 neque
1182 4569 1270 4636 aliud
1286 4568 1447 4652 significat
