3232 5176
643 291 889 354 -101-

127 469 261 537 ένὸικον
285 467 397 553 σέβας,
422 468 521 534 schol.
551 467 675 552 ὀρεινή,
712 469 751 533 de
775 467 878 536 forma
906 468 1040 552 βοονῖτι
1067 469 1245 553 dubitatur,
1279 473 1407 538 nonde

127 599 223 646 sensu
246 580 309 660 ,,ἰο,
334 584 423 644 terra
447 577 616 658 collina,
641 577 851 644 veneratione
875 576 1007 660 digna.“
1035 574 1154 658 βοῦνις
1176 579 1228 644 vel
1256 577 1408 661 βοονῖτις

126 688 313 754 femininum
339 690 390 751 est
412 687 499 751 vocis
523 682 660 769 βουνός,
690 686 779 750 cuius
804 686 843 751 de
869 685 994 766 origine
1024 690 1057 750 et
1093 703 1152 750 usu
1191 687 1407 769 locupletissi-

129 814 215 861 mum
250 797 358 860 exstat
393 792 615 858 testimonium
650 792 825 876 Phrynichi
860 793 909 858 ed.
945 792 1024 858 Lob.
1054 811 1085 874 p.
1111 793 1187 874 355,
1223 795 1273 860 ad.
1309 795 1406 864 Ruth.

127 924 157 987 p.
181 904 245 967 459
281 898 422 985 βουνός·
458 897 580 965 ὀθνεέο
607 898 630 982 ἡ
659 897 759 982 φωνὴ
788 902 851 980 τῆς
881 894 1040 982 Ἀττικῆς.
1079 901 1136 965 καὶ
1164 899 1228 985 γὰρ
1260 900 1408 984 οὐτὸςὸ

122 1011 340 1095 χρησάμενος
374 1010 423 1090 τῷ
453 1005 597 1088 ὀνόματι
626 1007 739 1086 συνεὶς
773 1005 858 1088 ξένω
886 1007 1095 1090 κεχρημένος
1124 1010 1325 1090 σημαίνεται
1359 1008 1409 1092 ὡς

127 1117 275 1202 ἀσαφῶς
290 1113 541 1196 διαλεγόμενος.
566 1113 724 1192 εἰσιόντος
747 1114 809 1197 γάρ
833 1131 926 1195 τινος
949 1114 998 1200 (in
1021 1114 1219 1183 Philemonis
1244 1119 1409 1183 comoedia

126 1246 155 1289 v.
181 1225 279 1308 infra)
303 1220 453 1308 βουνὸν
481 1221 546 1287 ἐπὶ
576 1220 705 1303 ταύτῃ
736 1218 986 1304 καταλαβὼν
1010 1219 1093 1287 ἄνω
1116 1223 1224 1303 τινά,
1261 1222 1408 1308 ὁπροσ-

129 1330 370 1415 διαλεγόμενος
395 1329 435 1396 οὐ
461 1330 574 1412 σονεὶς
596 1327 636 1394 τὸ
661 1326 758 1409 ξένον
780 1331 843 1394 τοῦ
867 1326 1040 1414 ὀνόματός
1064 1347 1162 1413 φησι·
1187 1332 1250 1412 τίς
1272 1331 1363 1398 dod'
1388 1332 1407 1399 ὁ

125 1438 285 1523 βουνός,
325 1439 392 1504 ἵνα
428 1440 573 1521 σαφῶς
607 1453 681 1502 σοο
711 1433 932 1518 μανθάνω·
968 1435 1005 1501 ἐν
1033 1432 1071 1501 δέ
1097 1440 1140 1519 τῇ
1169 1434 1409 1524 Συρακοσίᾳ

127 1546 294 1629 ποιήσει
317 1543 558 1628 κοθομλλητσι.
588 1541 668 1609 ἀλλ’
692 1543 734 1609 οὐ
757 1545 935 1627 προσίεται
958 1541 978 1607 ὁ
1007 1541 1191 1626 Ἄιλνγνοῖος
1220 1546 1283 1630 τὴν
1307 1546 1408 1614 ἀλλο-

129 1652 243 1738 tauto
279 1651 434 1736 διάλεξιν.
473 1650 562 1717 ὅπου
597 1650 661 1734 γὰρ
696 1650 916 1733 ἀνεπίμικτος
950 1652 1007 1717 καὶ
1046 1649 1215 1735 ἄχραντος
1248 1652 1409 1739 βούλεται

125 1761 239 1843 μένειν
272 1765 335 1844 τῆς
377 1758 484 1844 ἄλλης
524 1755 698 1839 Ἑλλάδος,
735 1757 892 1825 Αἰολέων
931 1758 1019 1842 λέγω
1061 1762 1119 1826 καὶ
1152 1759 1314 1843 Δωριέων
1351 1762 1408 1825 καὶ

131 1867 264 1948 Ἰώνων,
294 1867 428 1933 τούτων
449 1867 513 1950 μὲν
535 1868 593 1932 καὶ
616 1869 790 1948 συγγενῶν
822 1864 944 1947 ὄντων,
974 1864 1080 1951 σχολῇ
1108 1872 1141 1948 γ’
1171 1863 1213 1931 ἂν
1242 1861 1408 1948 ἀδόκιμον

124 1973 376 2059 μιξοβάρβαροι
404 1974 564 2058 πρόσοιτο
590 1975 726 2058 φωνήν·
761 1972 779 2039 ὁ
810 1973 845 2039 d'
876 1972 938 2039 οὗν
967 1975 1174 2057 κεχρημένος
1204 1976 1253 2056 τῷ
1281 1970 1408 2056 βουνὸς

126 2079 268 2164 ὀνόματι
294 2079 459 2165 Φιλήμων
483 2081 574 2147 ἐστὶν
598 2080 648 2163 εἷς
671 2084 743 2148 τῶν
766 2086 829 2164 τῆς
850 2082 932 2162 νέας
953 2079 1148 2164 κωμῳδίας.
1195 2082 1285 2148 Ηοοσ
1307 2081 1408 2163 Phry·

125 2189 246 2266 nichus,
282 2190 332 2255 cui
367 2189 468 2255 addas
496 2189 663 2255 Eustathii
686 2190 908 2256 testimonium
938 2189 979 2254 ad
1002 2188 1096 2256 Hom.
1121 2209 1153 2271 p.
1180 2190 1255 2256 880.
1274 2190 1317 2254 30
1351 2189 1408 2254 καὶ

123 2294 250 2379 βουνὸς
272 2294 319 2375 δέ,
345 2293 429 2378 ὅπερ
452 2293 638 2378 Ἡρόδοτος
660 2299 702 2377 (v.
720 2295 818 2378 infra)
842 2295 906 2378 μὲν
922 2293 1062 2379 Λιβύων
1086 2293 1175 2377 λέξιν
1200 2294 1289 2361 εἶναί
1311 2316 1406 2379 φησι,

124 2401 246 2484 Αἴλιος
280 2401 457 2483 Διονύσιος
491 2402 579 2485 λέγει
613 2401 667 2469 ὅτι
691 2401 854 2487 Φιλήμων
889 2401 1097 2469 ἐπισκώπτει
1136 2402 1176 2469 τὸ
1212 2401 1322 2487 ὄνομα
1359 2401 1408 2484 ὡς

121 2508 313 2594 βάρβαρον·
344 2507 457 2593 λόφον
480 2509 543 2593 γὰρ
566 2508 739 2579 καλοῦσιν.
777 2510 894 2594 ἕτερον
924 2508 962 2576 δέ
990 2508 1043 2575 ὅτι
1069 2509 1198 2594 βουνὸν
1228 2511 1265 2576 ἐν
1292 2508 1405 2592 Nouio)

125 2616 174 2698 ὡς
198 2615 349 2700 σύνηθες
372 2615 519 2700 τίθησιν,
550 2614 675 2683 ἄλλοτε
705 2616 743 2684 td
771 2617 820 2698 ὡς
848 2616 978 2699 ξενικὸν
1007 2617 1223 2685 ἐπισκώπτει.
1270 2618 1406 2685 Brevins

126 2726 211 2791 idem
246 2725 407 2809 repetitur
442 2726 484 2790 ad
517 2725 612 2792 Hom.
648 2745 680 2807 p.
720 2728 815 2791 1854.
835 2726 887 2789 99.
947 2726 996 2791 De
1030 2726 1220 2794 Philemone
1256 2724 1405 2793 conferas

125 2831 186 2914 frg.
213 2835 254 2898 49
280 2839 314 2899 et
340 2835 401 2897 149
426 2831 532 2916 (Kock
555 2831 596 2900 11.
623 2834 686 2897 491
714 2838 747 2898 et
770 2834 844 2914 591,
876 2833 952 2899 Mei.
977 2833 1030 2898 IV.
1058 2836 1098 2897 16
1130 2839 1164 2901 et
1187 2833 1255 2917 46).
1303 2835 1406 2901 Hero-

126 2941 194 3006 doti
217 2940 318 3020 locus,
354 2959 447 3024 quern
471 2940 664 3007 Eustathins
691 2940 845 3021 laudavit,
884 2946 935 3006 est
957 2940 1012 3006 IV.
1041 2943 1113 3021 199,
1149 2959 1308 3009 neccaro
1332 2942 1406 3008 bar·

124 3048 222 3129 baris,
247 3048 460 3114 sed'Graecis
486 3045 630 3131 cyrenae
653 3048 767 3114 incolis
791 3066 902 3114 vocem
926 3048 1056 3114 tribuit:
1092 3052 1163 3115 τῶν
1185 3046 1405 3132 ὑπερθολσσ-

125 3155 210 3221 σέων
230 3155 356 3240 χώρων
379 3153 422 3220 τὰ
444 3156 533 3237 μέσα
556 3153 602 3242 (οἱ
618 3152 820 3238 Κυρηναῖοι)
843 3152 1023 3238 βουνοὺς
1051 3153 1221 3235 καλέουσι,
1258 3157 1292 3221 id
1319 3156 1405 3238 quod

125 3264 223 3329 etiam
257 3263 362 3344 magis
394 3260 602 3329 confirmatur
631 3256 683 3328 IV.
713 3264 774 3327 199
813 3259 954 3344 ζεγέριες
983 3259 1115 3343 οὔνομά
1145 3261 1216 3327 ἐστι
1244 3260 1404 3346 Λιβυκόν,

124 3369 267 3436 δύναται
302 3367 340 3435 δὲ
368 3367 456 3434 κατὰ
490 3367 553 3452 τὴν
597 3365 772 3434 Ἑλλάδα
805 3365 999 3450 γλῶσσαν
1033 3365 1194 3451 βουνοί.
1244 3370 1403 3438 Graecum

124 3479 223 3562 igitur
247 3477 438 3545 vocabulum
461 3476 522 3542 fuit
536 3475 674 3559 βουνός.
704 3478 747 3544 m
769 3477 884 3560 nequis
909 3476 942 3542 id
959 3475 1069 3543 Ionico
1093 3477 1234 3543 sermoni
1250 3476 1401 3554 uindicet,

43 3579 46 3585 ’
123 3605 196 3652 narn
221 3587 337 3653 Graeci
360 3585 419 3668 illi,
445 3585 500 3669 qui
524 3585 630 3652 solent
654 3585 761 3652 dicere
785 3581 907 3668 βοονοέ
929 3585 969 3652 de
992 3603 1118 3650 murum
1143 3603 1262 3670 genere
1284 3587 1403 3671 Libyca

125 3693 265 3778 ζεγέριες
286 3699 412 3773 vocato,
448 3693 535 3776 quod
558 3694 717 3775 quomodo
747 3691 818 3759 fieri
849 3693 996 3774 potuerit
1018 3692 1188 3761 obscurum
1213 3699 1273 3776 est,
1310 3701 1404 3763 erant

122 3802 193 3868 sine
216 3803 314 3868 dubio
340 3801 506 3885 Cyrenaei,
532 3801 762 3868 Dorienses.

229 3909 296 3974 Nec
320 3908 436 3975 desunt
450 3909 637 3977 testimonia
659 3909 755 3975 huius
781 3906 867 3975 vocis
892 3909 979 3991 apud
996 3908 1171 3977 Dorienses
1188 3910 1403 3992 Peloponnesi

121 4015 252 4096 incolas,
283 4015 373 4082 velut
396 4016 574 4084 Pausanias
602 4017 704 4083 tradit
728 4019 758 4082 9.
776 4017 845 4082 4.3
871 4015 1019 4083 Corinthi
1047 4017 1168 4083 cultam
1197 4036 1269 4084 esse
1292 4015 1402 4100 Ἥραν

122 4120 341 4192 Βοοναέον.
389 4124 491 4203 Quam
515 4123 605 4204 vidit,
634 4125 746 4206 quiin
775 4126 941 4208 acropolin
966 4125 1166 4205 ascenderet,
1206 4124 1244 4191 of.
1275 4125 1401 4208 Hitzig·
1519 4192 1521 4197 ,

120 4229 304 4312 Bluemner‚
328 4231 424 4297 Paus.
447 4230 472 4295 I.
497 4230 516 4293 9
541 4249 572 4312 p.
591 4232 666 4313 509,
690 4230 825 4308 Preller‚
843 4251 889 4314 gr.
906 4229 1061 4314 Mythol.⁴
1077 4251 1109 4314 p.
1129 4233 1203 4296 169.
1224 4234 1252 4315 1,
1279 4235 1401 4301 170.1.

120 4336 289 4420 Significat
304 4343 411 4405 autem
435 4337 517 4405 illud
531 4338 639 4404 Herae
656 4356 832 4420 cognomen
850 4358 920 4405 earn
938 4340 1057 4405 cultam
1075 4358 1146 4406 esse
1167 4340 1199 4407 in
1219 4339 1303 4422 colli,
1328 4359 1400 4407 cum

119 4446 298 4512 Pausanias
337 4445 499 4512 fabuletur
536 4446 662 4513 Burrum
701 4446 860 4530 quendam
897 4446 984 4513 illius
1023 4447 1158 4537 sacrarii
1192 4449 1400 4517 conditorem.

127 4551 236 4622 fuisse.
281 4554 392 4622 Etiam
416 4553 559 4639 Secyone
584 4574 644 4622 vox
674 4558 753 4622 nota
780 4559 852 4622 erat
880 4553 918 4622 cf.
943 4554 1099 4639 Hesychii
1128 4553 1246 4638 Τσξίοο
1269 4553 1396 4639 βουνός
