3164 5176
678 306 718 315 „.
768 270 810 332 90

151 451 376 537 φερέγγυον
405 444 445 513 τὸ
471 446 533 513 σὸν
578 445 775 535 (Apollinis).
823 446 957 513 Accedit
982 444 1150 529 Sophoclis
1173 445 1264 511 locus
1288 444 1340 509 El.
1365 446 1426 510 949

148 561 234 625 trIm.
270 559 304 623 ci
329 556 392 640 γὰρ
420 553 577 636 κελεύεις,
614 554 664 621 ὧν
695 554 760 637 ἐγὼ
792 556 1024 639 φερέγγυος,
1061 554 1157 621 schol.
1192 574 1226 637 φ.
1253 550 1426 634 λέγεταιὸ

150 663 401 747 ἀναδεξάμενος
423 681 456 728 τι
477 663 534 728 καὶ
557 660 748 745 δυνάμενος
764 660 926 727 ἀποτῖσαι
942 660 1018 726 οἷον
1034 660 1217 744 ἀξιόχρεως
1232 659 1305 725 κτλ.
1333 661 1428 744 „quid

150 774 235 844 enim
260 773 361 854 iubes,
386 771 471 854 quod
494 788 555 852 ogo
578 771 784 853 praestem?“

256 881 377 946 Eadem
424 879 611 945 condicione
649 878 833 973 Herodotus
876 877 994 959 utitur,
1041 895 1110 943 curn
1149 877 1238 943 dicat
1275 876 1347 943 VII.
1388 879 1427 942 49

150 986 281 1072 (λιμήν)
307 986 491 1070 δεξάμενός
514 1006 573 1052 σεν
596 989 700 1051 τοῦτο
730 984 769 1050 τὸ
793 982 955 1050 ναυτικὸν
979 986 1207 1069 φερέγγυος
1242 983 1338 1050 ἔσται
1362 983 1430 1051 ὀιο-

157 1099 265 1161 σῶσαι
288 1093 351 1176 τὰς
372 1096 453 1176 νέας
478 1099 613 1178 „portus
630 1144 638 1160 .
656 1143 664 1159 .
681 1094 858 1160 incolumes
881 1112 980 1160 naves
997 1093 1056 1159 tibi
1073 1092 1290 1176 praestabit.“
1341 1093 1431 1160 Alter

150 1203 240 1270 locus
278 1208 330 1270 est
363 1203 402 1268 V.
428 1203 470 1267 30
507 1199 612 1284 αὐτὸς
645 1200 709 1284 μὲν
742 1199 825 1284 ὑμῖν
860 1200 901 1267 οὐ
933 1199 1160 1284 φερέγγυός
1195 1197 1431 1284 traducunto

151 1315 341 1395 παρασχεῖν
369 1309 550 1392 τοσαύτην,
587 1306 677 1375 ὥστε
692 1361 700 1376 .
718 1357 727 1374 .
744 1362 751 1376 .
769 1307 978 1391 Aristagoras
1012 1307 1138 1375 scilicet
1162 1307 1274 1373 Naxiis
1311 1327 1429 1374 morem

149 1438 213 1484 non
244 1419 339 1500 gerit,
366 1423 404 1482 ut
428 1417 474 1485 eis
499 1417 618 1482 auxilio
642 1418 762 1497 ueniat,
798 1434 833 1482 se
864 1416 969 1498 ipsum
993 1415 1141 1498 polliceri
1175 1433 1240 1482 non
1263 1433 1362 1498 posse
1385 1415 1428 1483 eis

149 1530 258 1594 tuntas
294 1526 403 1608 copias
438 1526 579 1606 mittere,
616 1523 745 1607 quantis
781 1542 862 1606 opus
895 1524 939 1589 sit
962 1523 1004 1589 ad
1026 1522 1235 1607 perficienda,
1271 1542 1357 1607 quae
1382 1543 1431 1590 cu·

149 1634 252 1718 piant,
289 1634 399 1716 „illIns
434 1632 482 1698 rei
517 1649 553 1698 se
582 1632 778 1714 praedem
813 1649 884 1697 esse
921 1650 984 1697 non
1019 1633 1150 1715 posse.“
1196 1632 1301 1699 Paulo
1336 1633 1433 1700 aliter

149 1742 249 1806 uertit
283 1739 586 1823 Schweigh‘aiuserus
625 1737 820 1822 „sufficiens
861 1739 996 1805 idoneus
1037 1745 1071 1805 et
1111 1740 1192 1805 satis
1228 1740 1358 1807 ualidus
1393 1743 1432 1808 ad

149 1850 380 1931 praestandum
403 1849 523 1933 alqd.“,
560 1849 618 1914 sed
640 1848 719 1914 licet
747 1866 877 1915 sensum
901 1847 989 1913 vocis
1020 1866 1119 1929 supra
1142 1848 1352 1929 explanatum
1374 1849 1431 1914 hoc

149 1975 278 2039 quoque
302 1957 373 2023 loco
397 1963 520 2023 tenere.
567 1955 714 2037 Denique
744 1954 947 2037 Thucydides
982 1974 1091 2022 vocem
1115 1955 1245 2022 exhibet
1280 1956 1368 2023 VIII.
1394 1959 1431 2022 68

149 2063 377 2151 (Phrynichus)
401 2062 492 2130 πολύ
516 2081 553 2129 τε
580 2062 669 2144 πρὸς
703 2061 746 2127 τὰ
774 2061 878 2142 δεινὰ,
903 2060 1085 2147 ἐπειδήπερ
1119 2062 1261 2148 ὑπέστη,
1302 2085 1432 2147 φερεγ-

149 2171 366 2252 γνώτατος
390 2171 511 2256 ἐφάνη,
537 2171 637 2238 schol.
662 2170 883 2252 lucenicanus,
916 2170 977 2236 hoc
1006 2176 1056 2238 est
1084 2171 1319 2255 „Phrynichus
1357 2191 1431 2255 quo·

149 2279 234 2343 niam
259 2279 434 2361 oligarchis
470 2279 545 2345 anni
570 2280 633 2343 411
671 2296 707 2344 se
736 2278 921 2360 applicavit,
956 2280 1095 2346 maxime
1130 2281 1293 2347 atrocium
1328 2299 1429 2346 rerum

150 2405 247 2470 praes
272 2404 343 2452 esse
368 2388 456 2454 visus
481 2387 564 2454 est.“

257 2494 379 2560 Eadem
404 2514 465 2561 uox
488 2513 622 2561 munere
638 2494 777 2560 nominis
792 2495 918 2577 proprii
941 2494 1087 2577 fungitur
1103 2496 1188 2577 apud
1206 2495 1430 2579 Cyrenaeos

149 2604 180 2668 in
206 2602 302 2669 titulo
338 2603 428 2669 tertii
462 2601 531 2669 fere
563 2602 684 2669 soeculi
710 2600 879 2669 u.-B.111.
905 2604 1119 2683 2,4835.19
1158 2601 1429 2693 <Φ>ερενγύο[ο].

149 2711 186 2775 ld
210 2710 273 2775 iam
298 2710 378 2775 sctis
402 2710 520 2791 probat
535 2728 645 2775 vocem
663 2709 759 2776 etiarn
786 2714 876 2775 extra
894 2710 1004 2775 Asiam
1020 2710 1177 2776 minorem
1193 2718 1307 2777 notam
1324 2711 1428 2796 fuisse,

148 2817 201 2883 vel
224 2818 257 2882 in
283 2817 401 2883 Dorica
434 2818 525 2884 urbe.
573 2818 705 2883 Accedit
728 2836 815 2898 uero,
840 2821 964 2884 utnon
989 2818 1092 2883 solum
1115 2817 1218 2884 Attici
1242 2818 1427 2902 scriptores,

149 2926 221 2992 dico
245 2922 438 3008 Aeschylum
463 2929 497 2990 et
521 2924 747 3008 Thucydidem,
773 2942 850 2990 voce
875 2925 987 2991 eadem
1012 2930 1110 3008 atque
1128 2926 1323 3012 Herodotus
1340 2927 1430 2993 liher-

148 3038 218 3099 tate
241 3037 386 3111 utantur,
423 3033 481 3099 sed
505 3033 602 3097 otium
626 3032 776 3099 formatio
812 3033 894 3099 adeo
922 3037 1054 3099 vetusta
1077 3038 1111 3102 et
1134 3033 1284 3100 obsoleta
1309 3035 1363 3117 sit,
1397 3039 1429 3100 ut

150 3161 219 3206 eam
243 3140 304 3206 hac
328 3141 397 3206 sola
422 3159 519 3206 causa
535 3133 667 3206 adducti
691 3141 793 3207 aetati
810 3140 1069 3208 antehomericae
1093 3140 1322 3208 attribuamus.
1356 3140 1429 3206 llam

150 3267 270 3328 omncs,
307 3267 388 3332 quae
414 3249 527 3314 eadem
550 3248 678 3314 ratione
709 3246 867 3313 formatae
897 3253 973 3314 sunt
995 3267 1089 3315 voces
1113 3249 1264 3315 incuntes
1288 3267 1308 3313 a
1333 3248 1429 3330 stirpe

152 3357 277 3424 verbali
313 3356 386 3438 dyc·
416 3354 511 3439 ἄρχε·
540 3354 630 3421 dtas·
665 3355 732 3441 ε’χε-
763 3354 851 3438 λεχε·
887 3378 982 3439 μενε-
1018 3375 1158 3439 στρεφε-
1195 3376 1293 3440 φερε·
1302 3356 1329 3440 1)
1363 3375 1430 3439 per·

153 3470 303 3532 vetustae
338 3469 372 3531 et
406 3484 446 3530 ne
478 3484 542 3530 una
578 3466 706 3549 quidem
743 3469 852 3530 aetate
876 3465 1116 3547 posthumerica
1150 3462 1313 3532 formatae
1348 3469 1429 3532 sunt.

151 3573 244 3640 Unde
270 3568 416 3655 sequitur
439 3591 549 3638 vocem
576 3573 760 3656 φερέγγυος
782 3573 824 3638 ad
848 3577 990 3640 aetatem
1014 3572 1270 3639 Atheniensibus
1294 3577 1330 3639 et
1348 3571 1429 3638 Ioni·

151 3681 212 3747 bus
238 3698 437 3747 communem
461 3681 624 3747 recedere.

258 3787 401 3854 Tertiam
424 3788 563 3872 denique
599 3776 728 3854 causam
763 3789 839 3854 inde
862 3787 994 3854 haurire
1029 3787 1116 3870 licet,
1152 3787 1241 3870 quod
1264 3786 1432 3871 ἐχ-έγγνος

151 3897 334 3980 oppositum
377 3897 464 3961 vocis
509 3895 708 3979 φερέγγυος
752 3897 947 3964 adiectivum
986 3915 1089 3979 aeque
1128 3893 1307 3961 formatum
1349 3893 1430 3977 apud

151 4003 366 4069 Athenienses
390 4005 427 4070 V.
453 4004 583 4088 quidem
607 4003 728 4070 saeculi
764 4025 827 4071 non
851 4006 997 4089 ignotum
1027 4003 1088 4069 fuit
1116 4003 1207 4069 velut
1232 4002 1430 4087 Thucydides

151 4112 281 4192 scripsit
304 4111 361 4177 III.
387 4115 430 4179 46
454 4110 581 4178 οὔκουν
600 4112 666 4196 χρὴ
691 4109 771 4178 οὔτε
794 4116 856 4178 τοῦ
881 4111 1037 4178 θανάτου
1061 4115 1103 4194 τῇ
1131 4108 1236 4194 ζημίᾳ
1260 4110 1311 4192 ὡς
1335 4111 1432 4195 ε’χεγ-

153 4217 233 4300 γύῳ
261 4220 503 4302 πιστεύσαντες
523 4218 929 4308 χεῖρονῐβοολεύσασθαι,
954 4218 993 4286 cf.
1018 4219 1156 4302 Hesych.
1182 4237 1209 4285 s.
1225 4240 1255 4287 u.
1281 4219 1433 4318 dysyyduj

260 4485 282 4556 ¹)
302 4485 338 4540 cl.
365 4486 482 4555 Osthoff‚
510 4487 559 4542 das
587 4486 709 4543 Verbum
736 4487 755 4541 i.
783 4486 809 4542 d.
836 4485 1089 4554 Nominalbildung,
1119 4484 1192 4541 Jeua
1222 4489 1304 4559 1878,
1333 4505 1360 4565 p.
1381 4489 1432 4552 137,

151 4577 318 4645 Brugrmnn,
336 4575 438 4646 griech.
462 4576 580 4631 (drumm.
600 4576 614 4649 §
635 4578 694 4634 156.
711 4581 734 4633 l.
