3232 5176
705 286 952 351 -110-

296 464 386 531 Haec
414 463 569 530 habemus
600 464 639 530 de
663 464 794 530 vocibus
819 464 990 546 Siceliotis‚
1027 482 1109 547 quac
1134 466 1274 532 certiora
1297 472 1382 551 sunt,
1418 485 1471 531 re·

192 573 281 656 liqna
305 580 363 638 ant
386 574 511 640 incerta
534 577 591 638 aut
615 572 712 654 plane
736 590 799 638 non
824 571 1007 639 Siciliensis
1030 572 1228 656 iudicamus;
1256 581 1364 639 tamen
1389 593 1471 656 opus

193 685 244 747 est
267 699 378 748 eorum
402 699 498 764 quam
522 679 719 747 brevissimis
743 681 939 747 mentionem
963 678 1069 746 lacere
1092 680 1273 764 uerborum,
1302 700 1386 765 quae
1410 681 1472 747 viri

191 789 282 855 docti
307 789 479 857 Siceliotae
504 770 727 856 consuetudini
752 788 1018 873 attribuerunt‚¹)
1046 808 1086 855 ne
1117 807 1175 856 nos
1199 787 1313 872 fugiat,
1342 789 1372 855 si
1395 789 1475 877 quid

191 898 258 964 ueri
282 897 347 964 illis
373 896 566 963 coniecturis
590 897 677 964 insit.
868 950 872 957 .

298 999 426 1085 λέκος
449 1024 510 1071 vox
533 1006 619 1087 apud
644 1004 835 1088 Aeschylum
859 1005 953 1071 obvia
976 1005 1036 1087 Ag.
1061 1005 1125 1070 283
1150 1004 1244 1088 (270)
1267 1004 1353 1068 trim.
1382 1000 1473 1086 πρὸς

199 1105 362 1192 Ἑρμαῖον
396 1109 539 1193 λέκος,
582 1114 646 1178 898
670 1109 763 1197 (885)
787 1112 874 1181 trim.
910 1110 999 1195 πρὸς
1033 1108 1255 1194 Κιόαιρῶνος
1288 1107 1419 1192 λέκος
1454 1129 1475 1176 a

195 1215 441 1285 Wilamowitzio
482 1220 515 1285 in
555 1220 769 1302 suspicionem
811 1221 946 1312 originis
981 1218 1160 1286 Siciliensis
1196 1222 1311 1286 vocata
1347 1224 1397 1284 est
1433 1216 1474 1286 cf.

192 1324 341 1391 Heracl.²
366 1326 407 1392 11.
431 1347 462 1409 p.
489 1330 565 1410 345,
601 1328 677 1411 quia
700 1330 731 1393 in
756 1328 829 1412 ipsa
853 1328 991 1395 Graecia
1027 1332 1174 1394 emortua
1209 1331 1340 1394 serrata
1373 1327 1417 1393 sit
1440 1327 1475 1392 in

193 1432 314 1519 Sicilia,
339 1435 394 1501 ubi
413 1433 570 1518 Ἀκραῑον
586 1432 695 1517 λέκος
714 1437 845 1504 aThuc.
866 1437 936 1503 Vll.
957 1438 998 1502 78
1022 1441 1305 1502 commemoratum
1321 1435 1363 1502 ad
1379 1434 1476 1518 Syra·

194 1558 287 1607 cusas
317 1542 414 1608 situm
444 1549 525 1609 erat.
572 1544 689 1609 Exstat
716 1544 843 1627 quidem
875 1562 935 1610 vox
964 1547 1135 1625 praeterea
1164 1542 1250 1624 apud
1279 1541 1477 1608 Simonidem

192 1647 253 1729 ing.
281 1651 390 1714 114.1
424 1647 535 1734 Ἠερίη
560 1649 733 1734 Γεράνειαν,
757 1649 864 1717 κακὸν
887 1649 996 1732 λέκος
1020 1658 1053 1716 et
1077 1651 1163 1732 apud
1186 1650 1374 1731 Euripidem
1398 1669 1474 1732 per·

192 1774 291 1838 saepe
314 1757 404 1824 uelut
427 1758 522 1825 Herc.
550 1761 610 1824 121
638 1759 724 1824 chor.
750 1758 811 1841 frg.
836 1758 951 1823 4118
975 1757 1028 1838 al,
1054 1757 1152 1824 etiam
1176 1753 1320 1837 λεκαῖος
1341 1756 1474 1840 Hippol.

195 1866 280 1929 1248
304 1864 389 1930 trim.
415 1865 456 1930 al.
503 1866 651 1949 Denique
675 1866 873 1932 recentiores
897 1870 1013 1948 poetae
1036 1882 1145 1932 uocem
1171 1862 1333 1932 exhibent.
1366 1862 1477 1945 λέπας

193 1988 311 2053 aspera
347 1990 444 2054 rupes
480 1979 540 2056 est,
578 1973 617 2040 ci.
652 1973 840 2040 Prelluitzii
874 1972 936 2038 lex.
966 1991 991 2038 s.
1009 1991 1050 2053 a,
1087 1971 1172 2054 apud
1203 1971 1399 2055 Aeschylum
1435 1973 1477 2039 de

195 2079 281 2145 saltu
303 2087 471 2163 usurpata,
507 2088 605 2165 atque
637 2082 664 2147 is
689 2101 780 2148 error
803 2080 1049 2147 Wilamowitzic
1086 2079 1308 2161 grauissimam
1345 2098 1476 2146 causam

193 2187 425 2270 suppeditavit,
456 2208 512 2255 cur
535 2189 666 2256 aliunde
689 2191 710 2256 i.
729 2209 755 2256 e.
787 2209 826 2255 ex
850 2188 961 2255 Sicilia
990 2207 1061 2255 earn
1084 2188 1221 2270 petitam
1246 2205 1317 2253 esse
1342 2192 1477 2252 conten·

193 2294 295 2362 deret.
344 2294 402 2362 Oui
426 2299 608 2363 sentcntiae
632 2298 818 2364 acutissime
843 2296 1028 2378 disputatae
1052 2293 1134 2360 nihil
1159 2295 1278 2374 obstat,
1302 2294 1365 2359 nisi
1388 2295 1477 2376 quod

193 2401 233 2468 cb
257 2402 430 2471 Simonidis
455 2408 488 2470 et
510 2405 677 2489 Euripidis
711 2405 900 2471 testimonia
936 2422 1045 2470 vocem
1080 2404 1167 2468 inter
1202 2402 1327 2485 priscas
1359 2407 1393 2466 ct
1421 2401 1477 2467 cb·

194 2509 315 2576 solatas
340 2511 481 2578 Graecas
504 2531 626 2594 ponere
648 2509 871 2594 praeferimus.

300 2617 362 2684 Vel
404 2620 552 2700 graviore
593 2637 690 2686 causa
729 2619 845 2685 adduci
886 2619 978 2685 nobis
1021 2619 1082 2684 uisi
1121 2636 1245 2699 sumus,
1290 2624 1326 2684 ut
1365 2635 1476 2684 uocem

193 2724 374 2809 γαμόρος
397 2727 483 2793 inter
507 2726 694 2794 Sicilienses
718 2745 921 2809 poneremus,
947 2745 1029 2808 quae
1053 2726 1140 2808 apud
1163 2726 1354 2808 Aeschylum
1379 2725 1475 2792 obuia
1560 2756 1563 2762 ·

195 2839 245 2899 est
268 2833 381 2916 Suppl.
408 2837 471 2900 613
498 2834 590 2920 (594)
621 2837 707 2902 trim.
738 2832 800 2899 σόν
827 2833 874 2918 μη
904 2831 1130 2917 βοηόησανσα
1158 2831 1268 2898 σῶνόε
1296 2833 1474 2916 γαμόρων;

194 2940 285 3006 Eum.
313 2942 378 3006 890
402 2942 493 3027 (872)
529 2944 612 3008 trim.
650 2939 754 3025 σῆσόε
788 2939 930 3024 γαμόρῳ
963 2938 1096 3025 χόονός
1135 2941 1239 3025 (codd.
1272 2945 1303 3022 γ’
1329 2939 1475 3023 ἀμοίρου

194 3047 300 3114 restit.
317 3047 509 3133 Damasus),
535 3049 650 3132 quibus
666 3049 745 3115 locis
763 3049 909 3115 addimus
926 3049 986 3131 frg.
1004 3055 1088 3130 trag.
1106 3048 1216 3131 adesp.
1235 3049 1299 3112 205
1325 3045 1477 3130 ἐμκεόὴς

196 3154 346 3238 γαμόρος
368 3155 508 3239 μόρψεν
544 3152 664 3239 Ἂίόης.
712 3156 781 3221 Hac
806 3157 844 3221 de
874 3175 951 3221 voce
974 3155 1160 3222 Herodotus
1189 3156 1291 3221 tradit
1314 3154 1384 3220 VII.
1412 3155 1475 3218 155

194 3261 277 3345 σούς
299 3262 505 3346 γαμόρους
528 3260 758 3346 καλεομένους
781 3267 852 3328 σῶν
868 3261 1135 3346 Συρηκοσίων
1152 3260 1369 3342 ἐκπεσόντας,
1394 3279 1476 3344 quos

198 3372 373 3456 Dionysius
396 3372 470 3438 Hal.
497 3372 583 3438 arch.
608 3372 647 3439 R.
673 3374 702 3437 6.
721 3374 766 3436 62
790 3376 885 3438 vocat
912 3370 949 3436 ἐν
977 3368 1213 3453 Συρακούσαις
1241 3369 1273 3435 ol
1295 3368 1474 3450 γεωμόροι.

195 3478 313 3545 Forma
336 3478 541 3559 Syracusano
569 3483 656 3544 certe
683 3477 746 3544 fnit
769 3477 921 3562 γαμόρος
944 3476 984 3542 ci.
1014 3477 1185 3560 γαμέσρας
1207 3475 1262 3542 IG.
1287 3474 1371 3541 XIV.
1400 3476 1475 3554 645,

193 3585 217 3650 I.
247 3587 309 3651 187
336 3586 384 3668 (Ο.
412 3585 448 3650 Β.
473 3585 531 3653 Ill.
558 3589 588 3667 2,
613 3586 726 3671 4629),
762 3606 845 3670 quae
879 3592 1015 3669 propter
1044 3591 1066 3650 ᾱ
1096 3603 1201 3668 neque
1229 3583 1340 3649 Ionica
1371 3601 1477 3665 neque

197 3692 307 3758 Attica
330 3697 390 3760 est.
437 3694 556 3759 Tamen
583 3693 703 3760 blanda
726 3695 834 3778 specie
858 3694 1044 3776 decipimur,
1080 3711 1153 3758 nam
1183 3691 1322 3773 primum
1346 3689 1477 3772 quidem

196 3799 372 3884 Aeschylus
398 3819 506 3868 omnes
523 3821 618 3868 voces
642 3821 662 3867 a
685 3802 787 3884 stirpe
803 3821 884 3883 γεω·
907 3801 1099 3882 incipientes
1123 3821 1179 3881 γα·
1196 3798 1329 3881 scripsit
1344 3801 1477 3879 praeter

195 3908 338 3992 γηγενής
366 3909 490 3992 epicum
519 3910 720 3992 vocabulum,
758 3909 795 3976 ci.
820 3930 851 3992 p.
878 3910 908 3989 3,
944 3914 1012 3973 tum
1042 3912 1150 3973 antem
1179 3906 1350 3989 γεωμόροι
1376 3903 1477 3970 Athe·

196 4016 361 4085 niensibus
396 4017 470 4083 inde
506 4017 546 4083 ab
582 4017 816 4100 antiquissimis
857 4015 1057 4098 temporibus
1098 4016 1167 4080 noti
1206 4019 1314 4088 erant,
1355 4012 1417 4078 etsi
1458 4029 1478 4075 a

196 4125 235 4191 V.
261 4125 389 4192 saeculo
425 4125 535 4192 vocari
564 4127 671 4191 solent
700 4121 894 4208 κληροῦχοι,
930 4123 969 4191 ci
998 4124 1084 4190 Plut.
1116 4125 1209 4190 Thes.
1236 4124 1278 4187 25
1303 4119 1477 4207 (Theseus)

195 4235 335 4315 πρῶτος
378 4231 575 4316 ἀποκρίναςΙ
610 4232 717 4317 χωρίς
756 4229 977 4315 nuncupatas
1027 4231 1085 4297 καί
1127 4227 1374 4313 Γεωμόρους
1420 4227 1479 4291 καί

303 4504 325 4575 ¹)
342 4502 383 4559 Dc
402 4518 469 4559 uoco
488 4499 573 4576 ἁρμοῖ
592 4503 685 4558 actum
704 4503 746 4557 cst
764 4518 791 4574 p.
809 4502 853 4558 52.
