3232 5176
660 303 879 367 ..11-

134 487 227 568 gesta
260 481 319 549 sub
348 499 410 547 uno
439 485 612 565 conspectu
641 481 862 560 collocaretur.
911 482 1016 564 Atque
1045 479 1107 547 nisi
1140 479 1201 547 hoc
1234 479 1328 546 modo
1365 478 1405 547 de

135 592 258 673 origine
294 595 327 656 et
360 589 469 673 patria
502 589 731 656 vocabulorum
767 589 847 656 certi
883 591 1054 673 quicquam
1089 588 1188 654 statui
1216 608 1280 654 non
1312 607 1407 670 posse

134 699 227 765 nobis
251 716 441 780 persuasum
466 704 524 764 cst.
560 697 701 765 Profecti
726 702 832 763 autem
857 717 877 763 a
901 697 1089 780 colligendis
1116 698 1156 762 iis
1178 697 1295 776 verbio,
1325 715 1408 778 quae

135 806 314 871 communia
348 806 480 889 tragicis
515 807 619 889 poetis
657 825 727 870 cum
761 805 960 886 Archilocho,
992 805 1168 886 Herodoto,
1197 804 1405 886 Hippocrate,

136 914 252 979 ceteris
275 912 402 979 Ionicae
428 913 558 979 dialecti
583 913 769 978 auctoribus
793 933 897 994 neque
921 912 999 978 alibi
1019 914 1142 978 usitata
1159 919 1243 992 sunt,
1269 913 1406 994 primum

136 1021 263 1103 quidem
294 1040 332 1086 ex
362 1019 422 1085 hac
447 1021 634 1087 collectione
658 1040 696 1086 ea
720 1021 903 1101 exemimus,
940 1021 1055 1104 quibus
1080 1025 1169 1086 certa
1192 1020 1321 1085 Ionicae
1345 1020 1408 1085 ori-

136 1128 220 1210 ginis
258 1128 351 1210 signa
384 1128 542 1209 impressa
570 1147 641 1194 esse
669 1129 872 1194 videbantur.
919 1129 998 1193 Tum
1023 1128 1063 1193 ab
1086 1129 1136 1193 his
1162 1147 1200 1193 ea
1222 1127 1310 1192 illius
1335 1146 1419 1201 cons
1472 1200 1476 1206 g

136 1237 237 1318 gerici
261 1236 360 1301 verba
384 1254 552 1302 secernere
577 1237 682 1302 conati
707 1255 826 1312 sumus,
849 1256 932 1319 quae
957 1255 1027 1302 cum
1051 1237 1118 1302 veri
1143 1236 1280 1319 quadam
1301 1235 1408 1316 specie

135 1346 263 1429 priscae
293 1343 421 1409 Atthidi
449 1344 662 1409 vindicantur.
715 1343 827 1426 Neque
862 1348 968 1409 tamen
1005 1345 1038 1409 id
1074 1344 1206 1426 egimus,
1243 1349 1279 1407 ut
1314 1360 1408 1425 quam

136 1454 346 1535 plurimorum
370 1451 540 1516 verborum
565 1453 604 1517 de
628 1451 752 1532 origine
776 1457 1000 1532 tractaremus,
1036 1453 1093 1517 sed
1117 1456 1273 1532 utquam
1297 1449 1409 1514 certis·

137 1561 217 1626 sima
241 1559 375 1650 originis
399 1559 536 1641 vestigia
560 1559 809 1625 enuclearemus.

244 1665 332 1744 Quae
361 1666 559 1748 quaestionis
586 1667 681 1748 ratio,
716 1685 757 1732 ne
787 1667 970 1732 intricatior
997 1664 1064 1749 fiat,
1101 1665 1211 1747 procul
1240 1663 1410 1730 habuimus

137 1772 293 1840 vocabula
318 1773 419 1854 epica.

243 1881 411 1946 Postremo
436 1881 624 1963 appendicis
647 1881 717 1947 loco
742 1881 972 1964 quaesivimus,
1007 1899 1089 1963 quae
1113 1880 1212 1945 verba
1236 1877 1411 1962 Aeschylus

138 2007 179 2054 ex
201 1987 416 2054 Siciliensium
440 2004 588 2055 sermone
611 1988 773 2069 recepisse
797 1988 955 2054 videatur.
