3232 5176
697 266 921 330 -γγ-

164 447 189 513 I.
219 447 292 526 109,
318 444 360 512 II.
384 445 437 518 43,
463 443 521 512 III.
547 446 599 526 66,
625 445 660 510 V.
688 445 731 508 92
749 441 827 526 ,βγὸ,
855 442 909 509 VI.
939 445 1012 524 135,
1037 443 1107 509 VII.
1134 446 1186 526 61,
1212 445 1286 526 205,
1311 445 1367 511 IX.
1394 447 1449 526 33,

164 572 357 640 quamquam
382 551 577 635 originarius
608 570 721 618 sensus
750 571 814 617 non
838 551 947 633 periit,
978 569 1072 633 quem
1096 550 1314 645 Hippocrates
1338 553 1451 620 multis

164 664 244 729 loeis
268 661 410 727 servavit
432 660 522 724 velut
544 680 579 726 π.
605 662 707 741 γονῆς
731 658 803 726 lh.
828 655 898 724 VII.
916 658 982 721 472
1003 661 1112 740 χωρεῖ
1133 655 1196 739 γὰρ
1221 656 1260 722 τὸ
1284 656 1451 726 πλεῖστον

165 773 229 836 τοῦ
252 768 356 850 γόνου
392 765 461 831 ἀπὸ
497 771 559 850 τῆς
593 763 748 849 κεφαλῆς
781 764 876 847 παρὰ
912 762 955 828 τὰ
978 761 1089 829 οὔατα
1123 766 1171 846 εἰς
1201 763 1263 831 τὸν
1285 772 1451 833 νωτιαῖον

163 875 302 962 μυελόν,
344 875 439 942 simil.
464 874 541 941 ibid.
567 878 597 955 l,
622 894 652 956 p.
679 875 744 938 478
768 873 829 954 bis,
865 894 901 939 π.
926 871 997 954 όερ.
1022 868 1074 937 ao.
1098 871 1175 938 τόπ.
1209 877 1259 954 14,
1282 874 1307 939 I.
1336 876 1451 941 5610

167 985 261 1064 Klw,
287 982 326 1051 ci.
349 983 439 1048 Erot.
464 1002 496 1065 p.
525 984 599 1048 108.
620 984 659 1046 12
684 978 824 1063 ὑγιηρὸς
839 979 949 1061 γόνος·
975 978 1051 1044 ἀντὶ
1067 983 1130 1045 τοῦ
1146 979 1286 1064 ὑγιηρὸν
1303 983 1451 1066 σπέρμα.

163 1092 257 1158 Unde
288 1090 418 1156 ductum
444 1095 495 1156 est
523 1085 693 1171 γονοειδές
716 1088 806 1155 Erot.
830 1108 861 1171 p.
889 1089 979 1152 609
1004 1092 1037 1153 et
1061 1087 1101 1152 al.
1148 1088 1259 1154 Lectio
1295 1100 1452 1172 corrupta

165 1205 216 1265 est
237 1220 272 1264 π.
295 1197 367 1280 epp.
389 1218 485 1280 χρης.
511 1198 541 1277 2,
565 1196 601 1264 L.
626 1196 680 1261 VI.
711 1198 782 1277 1⁸26,
807 1196 864 1261 uhi
879 1195 1018 1261 fortasse
1041 1196 1214 1279 legendum
1237 1203 1289 1264 est
1311 1198 1451 1279 γόνοςὸ

168 1305 307 1390 γόνιμός
330 1305 435 1390 (codd.
460 1303 602 1391 γυμνός)
630 1302 702 1369 ἐστι
724 1322 762 1369 τε
789 1303 891 1387 priore
911 1301 1129 1386 ψυχρότερος
1151 1302 1173 1388 ἢ
1198 1301 1247 1386 ὥς
1268 1324 1320 1386 τις
1342 1305 1452 1372 οἴεται

167 1433 296 1497 ,semen
321 1412 507 1493 generabile
531 1412 681 1494 opinione
705 1411 855 1495 frigidius
879 1413 960 1478 est.“

271 1522 374 1587 Nobis
411 1538 481 1585 cum
515 1520 703 1586 studeamus
732 1522 955 1586 demonstrare
992 1536 1102 1584 vocem
1126 1519 1227 1601 γόνος
1260 1540 1358 1588 sensu
1382 1523 1450 1604 pri·

164 1629 267 1695 mario
302 1629 441 1710 priscam
476 1627 651 1709 Atticam¹)
686 1626 787 1694 fiisse
822 1627 941 1710 duplex
986 1627 1112 1694 occasio
1148 1627 1226 1694 data
1260 1635 1319 1698 est.
1367 1631 1450 1696 Nam

164 1738 302 1819 primum
338 1736 467 1819 quidem
492 1736 719 1818 pisciculorum
753 1755 853 1815 genus
878 1735 1014 1800 Athenis
1050 1735 1228 1801 vocabatur
1262 1736 1372 1819 γόνος,
1410 1738 1449 1807 cl,

163 1844 360 1929 Hegemonis
383 1842 443 1926 ing.
473 1847 487 1908 1
515 1841 619 1929 (Koch
642 1845 668 1911 I.
694 1846 769 1924 100,
794 1843 868 1910 Mei.
894 1842 935 1908 11.
961 1841 1038 1928 743)
1061 1840 1156 1925 μάλα
1178 1844 1309 1927 ταχέως
1333 1845 1451 1911 αὐτῶν

166 1954 257 2035 πρίω
280 1972 340 2035 μοι
364 1949 572 2017 πουλύπουν
607 1953 665 2018 καὶ
693 1949 753 2031 ὸός
776 1954 990 2033 καταφαγεῖν
1025 1948 1116 2015 κάπὸ
1140 1951 1290 2033 τηγάνου
1313 1953 1448 2037 γόνον,

164 2080 259 2144 quern
283 2061 378 2127 Iones
395 2059 580 2140 appellasse
597 2058 711 2143 ἀφρόν
735 2059 830 2123 testis
854 2063 905 2123 est
927 2058 1156 2124 Archcstratns
1181 2059 1267 2140 apud
1284 2058 1358 2125 Ath.
1377 2061 1448 2141 Vll,

165 2189 196 2252 p.
223 2169 330 2235 285B.
379 2168 540 2234 Monetam
563 2167 634 2248 luit,
659 2168 687 2233 si
711 2167 896 2233 Athenaeus
919 2164 940 2232 l.
960 2184 984 2231 c.
1011 2171 1100 2233 recte
1117 2167 1262 2249 tradidit,
1286 2168 1448 2234 variorum

165 2277 403 2361 pisciculorum,
438 2274 637 2358 ὑπότριμμα
666 2276 751 2357 quod
787 2275 908 2350 dieunt,
942 2272 1082 2340 fortasse
1118 2278 1254 2357 propter
1289 2275 1448 2342 incertum

167 2392 334 2469 aspectum
357 2384 525 2467 appellata
548 2383 740 2467 „genitura“
767 2383 915 2465 piscium,
954 2382 1074 2464 quippe
1099 2383 1153 2464 qui
1177 2382 1387 2449 crederentur
1411 2405 1449 2450 ex

171 2513 270 2560 caeno
296 2493 359 2558 orti
376 2511 448 2559 esse
473 2494 525 2575 (an
541 2489 649 2572 fuerit,
675 2491 761 2573 quod
784 2510 843 2555 nos
859 2490 994 2555 dicimus
1010 2488 1167 2576 Kariaril
1214 2490 1323 2570 Longe
1340 2496 1448 2556 autem

167 2601 392 2685 gravissimum
410 2605 469 2680 est,
488 2618 570 2682 quae
587 2599 626 2663 ah
644 2598 828 2665 oratoribus
844 2598 961 2663 Atticis
978 2610 1126 2663 servatur
1142 2598 1249 2680 legum
1266 2597 1447 2665 Atticorum

167 2709 277 2788 dictio,
301 2707 389 2773 velut
405 2707 491 2772 lsaei
506 2725 541 2773 π.
555 2703 669 2787 ’Πυρρ
694 2703 790 2789 κληρ.
818 2708 856 2769 61
884 2724 914 2787 p.
933 2707 976 2768 44
1001 2702 1083 2784 τοὺς
1097 2703 1162 2786 μὲν
1184 2702 1247 2786 γὰρ
1265 2701 1318 2769 ὅτι
1341 2705 1449 2788 γόνῳ

169 2815 348 2899 γεγόνασιν
384 2812 496 2894 οὐδεὶς
528 2810 572 2877 ἂν
606 2810 719 2895 ὸήπον
755 2810 1023 2896 ἀμφισβητήσειε
1057 2811 1135 2893 περὶ
1166 2815 1237 2876 τῶν
1264 2813 1449 2896 πατρῴων,

170 2922 260 3006 πρὸς
289 2920 326 2986 dd
349 2919 432 3000 τοὺς
456 2920 722 3002 εἰσποιήτους
738 2969 746 2986 .
764 2970 771 2986 .
790 2975 796 2988 .
814 2922 888 3004 Lys.
916 2921 966 2987 13.
985 2923 1023 2984 91
1055 2919 1116 2984 τόν
1139 2937 1177 2983 τε
1204 2918 1295 3001 γόνῳ
1320 2921 1453 3003 πατέρα

156 3053 179 3096 ’.
199 3083 207 3095 .
224 3079 231 3094 .
248 3028 309 3095 τὸν
338 3048 374 3093 τι
398 3025 543 3110 ποιητὸν
566 3029 709 3110 πατέρα,
734 3028 831 3094 simil.
857 3027 1024 3094 Demosth.
1057 3028 1088 3091 in
1114 3026 1230 3091 Leoch.
1257 3046 1303 3092 or.
1328 3030 1452 3119 4431.

171 3140 213 3202 46
236 3138 297 3219 hia,
323 3139 374 3221 51,
401 3137 453 3216 64,
489 3136 575 3201 unde
599 3137 757 3202 evincitur
784 3135 887 3203 filium
912 3155 1100 3219 germanum
1128 3134 1213 3217 apud
1238 3134 1452 3201 Athenienses

170 3244 368 3328 appellatum
392 3261 464 3309 esse
487 3241 564 3309 υἱὸν
586 3243 677 3326 γόνῳ
702 3244 874 3325 γεγονότα,
900 3245 960 3325 eui,
986 3244 1040 3326 qui
1065 3243 1239 3324 adoptione
1264 3243 1297 3308 in
1322 3250 1450 3325 gentem

171 3353 312 3433 transiit,
344 3352 519 3434 opponitur
535 3351 738 3434 εἰσποίητος.
784 3352 958 3435 Repetitnr
974 3351 1054 3416 haec
1070 3351 1168 3416 dictio
1193 3351 1225 3414 in
1242 3352 1452 3433 inscriptione

171 3461 196 3525 1.
222 3479 252 3542 p.
279 3457 351 3524 Chr.
378 3459 433 3524 sel.
482 3460 627 3526 Dittenh
645 3458 734 3541 syll.²
753 3461 828 3527 394.
848 3463 866 3524 5
884 3456 1023 3540 Κλεοῦς·
1032 3461 1095 3540 τῆς
1110 3455 1284 3539 Εὐκλέους
1301 3456 1452 3540 Φλυέως,

176 3565 281 3648 γόνῳ
318 3562 355 3628 he
390 3563 608 3649 Νειιιοὸημου
650 3563 805 3648 Ἑρμείου
835 3566 1020 3648 όυγατρός.
1081 3566 1309 3632 Consideranti
1344 3572 1452 3632 autem

172 3671 358 3738 iudicialem
381 3690 561 3738 sermonem
586 3674 692 3756 prisca
721 3680 754 3739 et
777 3674 924 3740 obsoleta
947 3681 1080 3740 strenue
1105 3693 1297 3741 conservare
1322 3674 1452 3739 dubium

173 3799 236 3847 non
262 3780 325 3845 erit
347 3778 430 3846 hanc
455 3781 628 3847 dictionem
652 3800 727 3846 vere
752 3783 892 3847 Atticam
914 3779 1024 3848 luisse.

280 3886 406 3969 Restat,
442 3895 479 3952 ut
503 3889 628 3972 reliqua
662 3890 748 3955 vocis
772 3889 873 3971 γόνος
908 3890 1095 3955 testimonia
1130 3909 1226 3974 quarn
1255 3889 1453 3954 brevissimis

173 3994 382 4061 illustremus.
429 3996 543 4061 Doridi
560 3997 697 4063 dialecto
722 4017 784 4064 non
811 3999 880 4063 sine
898 4016 995 4063 eausa
1011 3999 1202 4065 attribuitur
1224 3999 1313 4064 locus
1331 3996 1454 4061 Timaei

174 4102 264 4167 Loer.
294 4102 393 4166 lOOA
417 4100 453 4184 ἐξ
475 4100 503 4168 ὦ
528 4104 576 4185 εἰς
601 4106 736 4188 σπέρμα
759 4106 816 4171 καὶ
839 4103 940 4187 γόνον
956 4104 1155 4189 μερίζεσθαι
1178 4103 1366 4190 (όπόχυμα)
1392 4103 1454 4169 nisi

175 4210 215 4273 ad
232 4208 427 4275 medicorum
444 4211 624 4278 doctrinam
647 4214 778 4281 recedit.
828 4214 951 4280 Deinde
967 4215 1083 4278 mirum
1101 4214 1133 4278 in
1151 4214 1279 4302 modurn
1296 4212 1327 4276 in
1346 4217 1454 4276 vetus·

284 4478 309 4546 ¹)
328 4478 368 4533 De
393 4478 586 4548 Aristophanis
614 4480 676 4536 loco
700 4497 774 4551 resp.
806 4483 873 4536 1116
907 4478 1064 4545 dubitatum
1092 4477 1183 4546 Bergk
1208 4475 1329 4531 scribere
1361 4475 1451 4529 iussit.

178 4569 268 4623 πόνον
285 4584 335 4638 pro
354 4567 447 4640 γόνον.
