3232 5176
690 310 912 376 ,χχ-

164 488 336 572 ιιμάεντις
359 487 545 572 ἀρχᾶθεν
567 486 732 572 λέχονναι.
779 488 817 556 In
842 493 955 572 aperto
972 487 1140 571 igiturest
1164 487 1251 555 vocis
1267 487 1435 572 genuinum

165 598 386 677 sensum-„ab
410 599 526 666 initio“
550 605 715 667 servatum
740 617 821 680 esse,
857 597 934 679 poni
957 603 1066 664 autem
1100 615 1171 663 eam
1195 596 1350 662 detritius
1372 597 1436 662 loco

163 707 320 775 adverbii.

269 814 397 881 Floruit
430 817 463 880 in
487 816 633 900 pedestri
658 815 806 882 oratione
834 817 921 897 apud
943 814 1049 897 Iones,
1086 832 1221 896 quorum
1256 813 1289 878 in
1324 813 1439 880 litteris

164 928 198 989 et
219 923 405 990 Herodotus
429 931 462 990 et
484 924 703 1006 Hippocrates
738 923 886 1004 exempla
912 924 993 988 satis
1017 921 1121 987 multa
1155 921 1249 987 nobis
1272 921 1438 1004 praebent.

163 1031 284 1097 Herod.
309 1029 333 1096 I.
357 1031 417 1095 131
454 1028 606 1093 τούτοισι
627 1026 692 1110 μεν
715 1024 757 1109 θῆ
773 1024 901 1091 θάονοι
915 1025 1073 1107 μούνοισι
1097 1021 1296 1107 ἀρχῆθεν.
1320 1023 1363 1090 IL
1383 1025 1441 1089 168

163 1139 225 1201 τοῦ
250 1135 278 1202 θ’
305 1137 380 1220 ἱροῦ
404 1135 444 1201 oo
468 1135 690 1218 κεκινημένου
726 1133 781 1214 ὡς
817 1129 998 1216 ἀρχῆθεν
1033 1130 1193 1215 ἐποιήθη.
1242 1131 1314 1198 Non
1350 1133 1444 1198 aliter

163 1245 297 1328 ponitur
320 1244 380 1311 111.
406 1246 459 1327 25,
483 1244 521 1308 V.
550 1244 599 1323 18,
625 1242 696 1309 VII.
725 1243 797 1318 104,
822 1241 908 1306 VIII.
934 1244 986 1322 22,
1007 1243 1080 1307 142.
1126 1240 1282 1323 Hippocr.
1306 1237 1394 1309 ἐνιιὸ.
1414 1238 1445 1329 f'

164 1352 237 1420 VII.
274 1356 304 1433 b,
340 1352 377 1418 L.
413 1352 451 1418 V.
489 1351 554 1415 340
589 1350 647 1414 καὶ
681 1348 720 1414 τὸ
757 1347 857 1430 ἕλκος
893 1347 968 1415 ἀννὶ
1002 1352 1065 1431 τῆς
1098 1349 1262 1427 κενώσιος
1296 1344 1445 1413 θάλπειν

164 1453 357 1539 ἀρχῆθεν.
404 1454 464 1520 Ηίε
499 1453 580 1519 locis
616 1453 741 1532 eadem,
776 1470 873 1535 quam
908 1470 1008 1535 supra
1044 1452 1287 1540 descripsimus,
1322 1453 1445 1538 signifi·

164 1565 292 1630 catione
315 1567 503 1645 usurpatur.

271 1670 350 1736 Turn
374 1671 408 1735 in
430 1670 542 1751 lingua
567 1669 724 1734 communi
760 1668 912 1750 frequens
948 1673 998 1733 est
1032 1667 1108 1733 inde
1142 1668 1321 1753 aPolybio
1358 1671 1446 1737 uelut

168 1782 195 1842 1.
221 1780 272 1843 50.
296 1779 316 1842 2
342 1783 375 1844 et
398 1778 452 1858 al,
478 1777 576 1842 etiam
611 1776 645 1841 in
668 1781 779 1843 vetere
802 1781 998 1841 testamento
1022 1775 1081 1840 III.
1106 1775 1207 1844 Mace.
1233 1778 1264 1843 3.
1283 1779 1337 1860 21,
1378 1797 1445 1860 reg.

165 1885 220 1951 IV.
247 1887 298 1950 19.
316 1887 368 1964 25,
396 1884 452 1951 ubi
477 1889 640 1951 servatum
664 1884 697 1951 in
722 1884 832 1950 codice
856 1883 1078 1950 Alexandrino
1113 1884 1206 1951 deest
1239 1886 1273 1952 in
1302 1885 1444 1968 uulgata.

165 1993 270 2059 Multa
293 1998 466 2076 praeterea
490 1992 637 2075 exempla
660 1991 772 2059 attulit
795 1991 976 2057 Lobeclrius
1013 1990 1055 2057 ad
1078 1991 1198 2074 Phryn.
1223 2011 1254 2074 p.
1273 1994 1326 2058 93.
1375 1993 1446 2059 Non

164 2100 280 2166 mirum
304 2101 405 2182 igitur
430 2109 490 2185 est,
515 2101 601 2184 quod
626 2100 665 2165 ab
689 2100 852 2165 Atticistis
876 2104 1010 2165 notatur
1035 2098 1155 2181 Phryn.
1181 2100 1239 2166 ecl.
1265 2102 1307 2165 lb
1332 2120 1365 2183 p.
1384 2103 1445 2166 176

164 2206 311 2274 Rutherf.
339 2205 518 2292 ἀρχῆθεν
541 2207 681 2290 ποιηταὶ
704 2205 846 2287 λέγουσι,
875 2209 947 2271 τῶν
971 2203 1009 2270 δὲ
1031 2197 1271 2290 καταλογάδην
1295 2205 1447 2291 θοκλμων

166 2313 288 2396 οὐθείς,
313 2313 394 2381 ἀλλ’
417 2313 454 2397 ἐξ
475 2314 591 2399 ἀρχῆς.
638 2316 731 2381 Hanc
755 2315 889 2381 candem
913 2315 1093 2380 doctrinam
1119 2315 1263 2383 invenies
1287 2317 1321 2380 in
1345 2316 1447 2400 Pbry-

166 2422 252 2489 nichi
277 2428 438 2506 apparatu
462 2422 650 2508 sophistico,
675 2422 777 2488 Bekk.
802 2422 913 2489 anecd.
939 2442 970 2505 p.
996 2426 1026 2490 I.

271 2530 332 2596 His
367 2550 450 2614 quae
493 2536 623 2598 servata
652 2537 728 2597 sunt
763 2530 959 2597 testimoniis
1001 2531 1216 2616 cognoscitur,
1252 2531 1445 2614 quibusnam

165 2637 284 2705 finibus
320 2658 397 2706 usus
432 2640 520 2706 vocis
555 2636 708 2723 ἀρχῆθεν
743 2638 1036 2705 circumscribatur.
1088 2638 1216 2705 Floruit
1250 2639 1347 2714 enim,
1385 2640 1446 2707 etsi

164 2752 300 2829 propter
323 2766 475 2814 sonorum
500 2747 660 2813 rationem
684 2747 770 2828 apud
795 2746 972 2828 quamlibet
996 2745 1155 2812 Graeciae
1183 2752 1312 2829 gentem
1338 2748 1447 2830 potuit

163 2853 307 2936 formari,
333 2853 372 2922 cf.
396 2855 538 2939 reliquas
555 2855 588 2920 in
612 2852 691 2919 -θεν
712 2852 935 2934 formationes
962 2855 1048 2936 apud
1072 2853 1159 2920 solos
1183 2854 1288 2936 Iones,
1313 2874 1449 2937 quorum

163 2962 325 3045 frequenti
360 2981 419 3028 usu
453 2963 557 3046 magis
592 2962 760 3044 magisque
796 2963 936 3027 contrita
968 2968 1029 3046 est,
1065 2961 1155 3028 velut
1188 2961 1276 3045 apud
1303 2962 1450 3029 Herodo-

164 3074 233 3136 tum
248 3069 307 3135 111.
332 3072 374 3137 80
398 3067 533 3153 φθόνος
550 3068 703 3153 ἀρχῆθεν
720 3067 887 3152 ἐμφύεται
910 3067 1100 3152 ἀνθρώπῳ.
1147 3069 1237 3135 Idem
1261 3069 1301 3134 de
1317 3069 1452 3136 Pindari
1475 3158 1477 3163 Ι

163 3177 246 3244 locIs
269 3177 366 3260 valet,
391 3197 451 3243 nec
465 3178 596 3244 dubium
621 3184 680 3253 est,
707 3179 785 3262 quin
809 3185 842 3244 et
862 3177 1039 3261 Aeschylus
1064 3183 1098 3243 et
1114 3177 1290 3262 Sophocles
1306 3178 1449 3246 ionicam

166 3286 431 3351 consuetudinem
454 3286 558 3352 secuti
582 3285 658 3366 sint,
695 3288 757 3352 etsi
782 3304 894 3352 eorum
917 3286 980 3352 loci
1004 3285 1208 3352 obscuriores
1232 3289 1318 3353 sunt.
1360 3285 1450 3366 Quod

166 3393 194 3458 si
218 3394 384 3473 concedes,
410 3412 521 3460 vocem
543 3395 631 3461 inter
653 3393 781 3461 Ionicos
805 3414 917 3476 pones,

640 3660 796 3745 APMOI,
820 3660 977 3729 ΑΡΜΩΙ.

275 3840 336 3908 Η1ο
360 3842 449 3908 aliud
472 3842 659 3909 adverbium
685 3844 897 3927 adnectimus,
922 3844 1008 3927 quod
1033 3844 1146 3910 eadem
1177 3848 1274 3927 atque
1299 3838 1452 3925 ἀρχῆθεν

168 3949 297 4015 ratione
325 3949 544 4016 adverbialem
569 3951 632 4016 vim
650 3952 812 4017 cotidiano
829 3951 941 4017 Ionum
965 3971 1026 4018 usu
1051 3953 1185 4034 accepit.
1210 3951 1326 4018 Exstat
1342 3957 1452 4016 autem

168 4057 202 4120 in
238 4057 387 4141 Aeschyli
417 4059 611 4125 Prometheo
644 4061 707 4124 615
732 4059 827 4143 (614)
863 4060 949 4125 trim.
998 4057 1129 4143 ἁρμοῖ
1155 4060 1334 4141 πέπαυμαι
1370 4055 1453 4138 τοὺς

169 4160 274 4244 ἐμοὺς
296 4162 440 4248 θρηνῶν
463 4165 603 4247 πόνους.
652 4167 866 4233 Prometheus
891 4167 963 4233 Ioni
988 4174 1097 4249 negat,
1123 4168 1208 4250 quod
1232 4167 1341 4249 potiit,
1378 4184 1449 4232 cum

168 4269 265 4350 dicat,
291 4289 325 4337 se
350 4274 437 4338 omni
460 4275 555 4340 modo
572 4275 732 4357 quarendi
757 4272 854 4339 finem
878 4272 1003 4340 fecisse.
1046 4274 1128 4342 Sunt
1145 4277 1253 4357 etiarn,
1278 4275 1334 4358 qui
1350 4274 1450 4340 inter·

169 4381 340 4459 pretentur
364 4377 472 4462 ἁρμοῖ
491 4383 531 4449 de
547 4389 695 4466 tompore
712 4410 755 4437 =
774 4384 918 4464 „nuper“
941 4382 1063 4448 dictum
1080 4401 1169 4466 esse3
1193 4379 1279 4447 infra
1296 4380 1336 4445 de
1354 4398 1451 4446 sensu

168 4485 256 4551 vocis
280 4485 512 4568 disputabitur.

276 4592 346 4659 Vox
368 4591 520 4677 frequens
556 4603 606 4665 est
630 4599 716 4680 apud
739 4598 1040 4682 Hippocratem,
1076 4598 1166 4664 cuius
1196 4597 1284 4664 locos
1309 4595 1452 4678 exscrip-
