3232 5176
682 272 902 337 ..20-

266 450 392 532 ἄϊστος,
422 447 552 514 άϊστόω
580 450 644 514 iam
672 450 758 530 apud
781 449 955 514 Homerum
982 448 1135 529 leguntur
1162 464 1259 511 sensu
1287 446 1429 529 genuino

161 561 200 626 de
225 579 272 640 eo,
295 559 350 640 qui
374 557 513 640 conspici
529 576 592 622 non
609 561 726 639 potest.
766 553 873 629 Ξ258
898 557 956 621 καί
971 556 1009 619 κε’
1023 559 1057 637 μ’
1075 552 1193 618 ἄϊστον
1210 552 1271 617 ἄπ’
1289 551 1431 635 αϊάέρος

162 662 288 749 ἔμβαλε
310 665 439 747 πόντῳ.
486 685 508 728 α
525 665 588 729 235
612 668 725 728 κεῖνον
749 663 813 746 μέν
837 661 955 728 ἄϊστον
976 662 1150 743 ἐποίησαν.
1197 683 1220 725 ο
1236 662 1300 725 242
1325 658 1429 742 οἴχετ’

164 771 296 852 ἄϊστος,
332 770 492 851 ἄπαστος.
539 794 560 836 κ
583 773 645 835 259
682 771 714 835 ol
742 769 774 835 δ’
805 768 866 853 ἅμ’
892 767 1116 851 ἄϊστώάησαν
1147 764 1295 848 ἀόλλεες.
1341 770 1429 832 079

161 877 210 960 ὥς
233 879 289 961 ἔμ’
315 878 519 945 ἀϊστώσειαν
542 876 650 964 (sicuti
673 878 813 944 Pandari
836 877 946 962 filias).
991 877 1055 942 Ubi
1078 894 1191 942 sensus
1214 895 1316 958 prope
1340 893 1431 940 accc·

162 988 209 1053 dit
232 987 274 1052 ad
289 986 452 1051 notionem
469 985 596 1051 delendi
620 981 663 1072 (Ξ
682 985 770 1071 258),
794 991 902 1051 tamen
926 985 1117 1051 subauditur
1141 983 1335 1050 deletionem
1359 980 1432 1046 fieri

161 1093 345 1160 occulendo.

267 1200 402 1266 Praeter
436 1199 611 1266 Homerum
643 1219 704 1266 vox
738 1199 859 1283 legitur
887 1200 972 1282 apud
1001 1199 1185 1280 Pindarum,
1219 1197 1430 1278 Herodotum,

162 1309 347 1387 Platonem,
366 1307 421 1388 qui
445 1307 474 1371 ei
499 1324 608 1372 omnes
631 1324 759 1372 sensum
784 1307 941 1372 delendi
964 1307 1121 1372 tribuunt.

267 1415 358 1480 Pind.
376 1414 468 1497 Pyth.
485 1413 608 1479 11137:
637 1410 773 1477 πολλάν
796 1410 866 1495 ὄρει
888 1417 956 1496 πῦρ
982 1412 1019 1494 ἐξ
1039 1411 1116 1493 ἑνὸς
1141 1412 1335 1494 σπέρματος
1353 1411 1359 1486 l
1380 1411 1431 1476 ἐν·

162 1522 272 1606 άορὸν
296 1522 461 1587 άίστωσεν
489 1519 586 1588 ὕλαν.
632 1520 710 1587 Isth.
730 1520 791 1586 VH
814 1519 885 1607 (VI)
908 1523 950 1585 43
979 1521 1013 1585 in
1040 1521 1118 1586 libb.
1144 1526 1177 1586 et
1204 1520 1307 1585 altero
1331 1518 1431 1585 schol.

163 1630 360 1713 άνάσκομεν
383 1627 446 1710 γάρ
474 1627 569 1710 ὁμῶς
604 1625 768 1708 ἅπαντες·
789 1626 796 1712 1
816 1626 949 1710 δαίμων
973 1626 1005 1692 δ’
1032 1626 1149 1708 ἄϊστος
1195 1628 1228 1692 id
1256 1632 1306 1693 est
1338 1628 1433 1707 „For-

162 1743 241 1804 tuna
275 1735 505 1802 interficiens“.
557 1735 703 1801 Alterum
730 1734 886 1801 scholium
924 1735 1005 1819 legit
1041 1732 1138 1816 ἄϊσος
1174 1754 1257 1817 „non
1293 1743 1431 1818 acqua“.

162 1844 281 1911 Herod.
303 1843 362 1909 III.
385 1845 442 1908 69:
490 1840 702 1924 ἐπίλαμπτος
730 1839 768 1906 δὲ
796 1840 1001 1925 ἀφάσσουσα
1029 1839 1122 1906 ἔσται
1150 1839 1186 1906 εὗ
1215 1841 1347 1924 είάέναι,
1384 1841 1434 1923 ὡς

165 1950 324 2015 ἄϊστώσει
360 1971 418 2031 μιν
456 1951 513 2035 (sc.
551 1950 734 2032 Phaedyme
772 1948 958 2034 Smerdin.),
997 1949 1159 2016 ΠΙ.12ϊ;
1200 1947 1433 2033 Ὀροίτης

164 2061 266 2122 τοῦτο
288 2056 352 2138 μὲν
375 2054 436 2121 ἄάο
460 2056 577 2138 ἡμέων
591 2055 738 2138 ἠίστωσε
757 2057 932 2132 „necavit“.
980 2057 1062 2122 Plat.
1079 2058 1167 2123 Prot.
1185 2058 1300 2122 32ΙΑ;
1324 2061 1434 2124 ταῦτα

166 2162 203 2228 db
226 2163 418 2246 ἐμηχανᾶτο
443 2161 621 2246 εὐλάβειαν
644 2161 730 2244 ἔχων
752 2164 800 2245 μή
824 2181 856 2228 τι
878 2165 975 2244 γένος
999 2162 1186 2246 ἄϊστωάείη
1211 2167 1267 2249 (sc.
1296 2162 1433 2246 Ἐπιμη-

165 2269 271 2353 άεάς).
330 2271 423 2335 Plato
459 2270 514 2335 illo
549 2270 618 2334 loco
650 2269 861 2350 Protagoram
897 2272 1074 2352 sophistam
1106 2272 1265 2338 dicentem
1300 2272 1434 2337 inducit.

161 2379 336 2444 Praeterea
351 2376 492 2443 fabulam
516 2377 555 2443 de
571 2377 760 2458 Epimetheo
786 2383 819 2444 et
841 2378 1033 2444 Prometheo
1056 2385 1178 2460 narrat,
1203 2380 1237 2444 in
1254 2399 1317 2462 qua
1333 2378 1430 2459 γένος

164 2483 305 2550 ἄϊστοῦν
328 2487 420 2566 quasi
443 2483 580 2549 formula
604 2486 701 2550 etiam
729 2486 762 2550 in
786 2487 954 2569 tragoedia
976 2487 1082 2553 Prom.
1109 2489 1172 2551 232
1196 2487 1326 2570 legitur.
1375 2485 1434 2551 Go-

161 2591 264 2657 lorem
299 2593 459 2674 poeticum
494 2610 572 2674 prae
608 2610 642 2656 se
676 2591 785 2658 ierunt
814 2593 846 2657 in
874 2593 932 2657 illo
961 2577 1146 2660 narratione
1175 2614 1206 2675 p.
1225 2593 1324 2659 3200
1346 2612 1433 2675 sqq.:

162 2696 205 2780 ἦν
233 2699 296 2781 γάρ
325 2717 409 2763 ποτε
430 2698 555 2781 χρόνος
577 2751 583 2765 .
607 2748 614 2763 .
638 2753 644 2766 .
670 2697 784 2782 άνητά
811 2700 889 2782 γένη
907 2749 914 2765 .
932 2749 966 2766 ..
991 2701 1195 2784 εἱμαρμένης
1212 2756 1219 2770 .
1238 2751 1271 2767 ..
1302 2698 1433 2783 πτηνὸν

164 2804 297 2887 popolo.
317 2803 453 2888 ..βορά
477 2811 510 2872 et
532 2805 634 2870 multa
657 2807 730 2871 alia.
767 2807 913 2890 Denique
929 2805 1066 2888 Ἄϊστος
1086 2810 1269 2891 appellatur
1287 2810 1434 2874 Minerva

163 2912 363 2994 Lamproclis
373 2911 397 2999 ¹)
420 2913 453 2976 in
476 2911 657 2994 fragmento
678 2913 802 2996 hymni:
830 2912 1078 2980 Παλλάδα...
1103 2914 1223 2982 ἄϊστον
1245 2914 1432 2998 παράένον.

165 3018 202 3085 cf.
221 3020 406 3102 Buttmann,
432 3020 516 3085 leuil.
534 3021 558 3096 I,
582 3040 614 3103 p.
632 3022 695 3085 250
711 3027 789 3103 not,
815 3023 869 3105 qui
894 3024 1126 3090 circumscribit
1150 3023 1324 3090 άϊστοῦσα.
1364 3024 1434 3089 Vox

163 3127 250 3209 apud
275 3128 383 3209 epicos
406 3129 603 3195 recentiores
627 3129 711 3194 redit
738 3130 771 3194 in
795 3148 897 3211 usum,
935 3129 972 3197 cf.
996 3131 1056 3213 Ap.
1084 3130 1143 3195 Rh.
1168 3131 1213 3197 IV
1229 3133 1293 3195 746
1310 3131 1365 3209 αΙ.;
1400 3131 1434 3195 in

166 3234 278 3317 lingua
302 3235 463 3300 communi
487 3254 557 3300 eam
580 3255 643 3302 non
667 3237 740 3318 legi.
788 3238 877 3303 Adde
901 3237 989 3304 Suid.
1015 3257 1040 3303 s.
1058 3258 1084 3303 v.
1111 3237 1251 3320 άίστωρ·
1280 3235 1299 3301 ὁ
1323 3235 1436 3317 ἀγνὼς

162 3337 414 3423 ἢὸφονεάς.

271 3447 460 3514 Memoriam
483 3449 570 3515 vocis
594 3469 689 3532 quam
712 3450 910 3517 brevissimis
934 3451 1108 3517 delineavit
1131 3452 1317 3531 Buttmann,
1347 3450 1432 3514 lenil.

163 3554 180 3618 I
201 3573 234 3636 p.
254 3555 329 3620 250.
375 3556 543 3623 Profectus
575 3563 625 3623 est
648 3577 668 3623 a
691 3558 926 3639 significatione
949 3557 1118 3639 primaria:
1149 3559 1247 3631 einer,
1276 3576 1338 3624 von
1363 3557 1433 3623 dem

163 3662 313 3727 niemand
329 3662 420 3726 mehr
437 3668 537 3730 etwas
553 3663 652 3743 weila,
677 3665 778 3730 daher
793 3660 823 3734 Ξ
837 3666 900 3728 258
918 3665 1107 3731 vernichtet.
1146 3666 1299 3730 Fortasse
1315 3665 1435 3728 rectius

163 3767 403 3850 proficiscemur
427 3789 447 3834 a
470 3768 722 3851 significatione:
760 3771 983 3853 „invisibilis“,
1020 3791 1114 3854 quam
1149 3772 1233 3855 apud
1260 3772 1434 3838 Homerum

165 3876 310 3941 omnibus
345 3876 424 3942 locis
465 3884 685 3943 conservatam
725 3896 795 3943 esse
833 3879 1026 3944 testimoniis
1066 3899 1164 3963 supra
1202 3879 1311 3944 allatis
1351 3897 1435 3943 com-

164 3984 332 4063 probatur.
373 3985 547 4049 Homerum
570 3984 716 4050 imitatur
741 3985 914 4067 Aeschylus
938 3985 1028 4053 Eum.
1055 3989 1117 4051 565
1143 3987 1229 4052 chor.
1255 4017 1290 4037 =
1317 4006 1338 4049 α
1359 3985 1434 4064 242,

164 4089 268 4155 Proin.
287 4093 351 4156 910
369 4092 454 4157 trim.
477 4087 565 4163 :E
579 4092 654 4172 258,
671 4092 704 4157 id
721 4092 806 4173 quod
820 4093 975 4159 Franklin
993 4096 1142 4176 cognovit
1157 4096 1190 4159 in
1207 4093 1436 4160 dissertatione

164 4215 264 4279 supra
287 4217 399 4264 comm.
447 4198 572 4265 Ceteris
596 4199 685 4279 locis,
709 4199 764 4264 ubi
789 4201 875 4282 apud
897 4201 1089 4284 Aeschylum
1114 4198 1231 4281 ἄϊστος
1254 4201 1341 4267 valet
1365 4199 1436 4277 „in—

168 4413 377 4423 .---.-

272 4534 295 4606 1)
314 4532 347 4592 ei.
366 4549 391 4588 r.
402 4533 590 4604 Wilamovvitz,
608 4533 771 4604 Textgosch.
791 4535 839 4591 dor
856 4551 897 4605 gr.
917 4536 1031 4608 Lyrilrcr
1049 4553 1077 4607 p.
1090 4539 1125 4594 84
1134 4552 1175 4607 eq.
