3232 5176
708 253 922 315 -87·*

176 451 308 500 sensum
355 432 441 515 apud
478 429 692 496 Athenienses
732 430 828 512 plane
865 429 1032 513 defecisse,
1069 436 1106 497 ut
1140 433 1327 499 Aristotelis
1362 453 1455 500 usum

175 562 206 625 p.
234 543 300 606 744
325 559 344 606 a
368 540 407 604 31
436 538 587 622 ἀκρατὴς
602 536 757 621 κεφαλῆς
774 539 861 605 inter
876 539 1033 606 Ionismos
1058 541 1127 607 cius
1144 545 1232 607 recte
1249 544 1455 627 computes).

281 648 340 715 Rei
366 648 559 731 explanandi
595 648 702 730 gratia
737 648 925 715 memoriam
960 649 1047 714 uocis
1082 651 1253 732 oppositae
1290 650 1454 734 ἐγκρατής

175 757 403 840 congessimus,
434 775 516 840 quae
541 755 676 821 eandem
701 772 814 821 sensus
845 756 1058 823 mutationem
1081 774 1179 839 passa
1203 761 1267 836 cst;
1295 763 1345 823 est
1369 758 1454 822 enim

173 864 328 949 primarie
351 870 499 948 „potens
523 864 684 944 validus“,
708 862 828 930 tralato
845 863 1067 944 „continens“,
1093 882 1175 946 quac
1200 862 1454 946 significationes

173 979 363 1055 temporum,
398 991 461 1038 non
488 971 699 1039 dialectorum
734 972 860 1039 ratione
884 972 1051 1038 seiunctae
1086 977 1171 1038 sunt.
1219 970 1301 1055 Nam
1331 972 1362 1036 in
1388 975 1455 1036 tra·
1556 975 1565 995 ⁸

174 1081 300 1165 gocdia,
338 1080 424 1163 apud
448 1081 658 1160 Herodotum,
694 1079 911 1162 Thucydidem
940 1078 998 1144 illa
1021 1079 1118 1163 valet,
1142 1078 1225 1144 hanc
1248 1078 1340 1144 iuxta
1365 1079 1453 1144 illem

173 1189 248 1255 inde
272 1209 292 1254 a
314 1189 450 1255 Platone
475 1188 567 1272 legis.

279 1296 394 1363 Aesch.
412 1297 518 1362 Prom.
545 1296 587 1360 55
611 1295 697 1361 trim.
723 1295 916 1377 ἐγκρατεῖ
937 1293 1063 1360 σῶενεῖ.
1092 1292 1190 1376 Soph.
1210 1292 1289 1359 Oed.
1307 1297 1367 1376 tyr.
1387 1296 1450 1358 941

172 1405 258 1473 trim.
284 1402 380 1487 σῶχὸ
402 1401 553 1487 πρέσβυς
568 1400 731 1486 Πόλυβος
755 1401 953 1485 ἐγκρατὴς
976 1399 1039 1480 ἐτι;
1064 1401 1148 1467 Phil.
1166 1404 1206 1465 75
1231 1399 1320 1466 trim.
1343 1399 1453 1483 τόξων

173 1512 348 1595 ἐγκρατής,
385 1510 463 1578 ceo.
488 1510 556 1578 001.
585 1511 669 1576 1022
693 1511 780 1576 trim.
817 1509 990 1592 ἐγκρατεῖς
1013 1512 1071 1592 (sc.
1094 1512 1165 1574 τῶν
1189 1507 1337 1592 παίδων)
1372 1511 1451 1592 φεύ-

173 1639 278 1702 γουσι,
315 1620 462 1686 ahsolute
486 1620 559 1685 Ant.
586 1620 664 1704 474,
690 1621 754 1684 715
790 1618 876 1685 trim.
923 1616 990 1682 Nec
1026 1618 1123 1683 aliter
1156 1615 1243 1699 Ibyc.
1274 1615 1337 1700 irg.
1364 1621 1451 1686 1.10

173 1727 374 1810 ἐγκρατέως,
409 1728 594 1794 Herodotus
623 1727 711 1793 Vlll.
740 1729 782 1790 49
815 1726 959 1808 χωρέων
983 1723 1168 1807 ἐγκρατέες,
1203 1723 1260 1789 IX.
1288 1725 1350 1788 106
1387 1721 1450 1807 ὅκγγ

172 1839 233 1918 τῆς
262 1832 436 1916 Ἐλλάέος,
460 1838 522 1918 τῆς
545 1832 643 1899 αὐτοὶ
660 1833 837 1916 ἐγκρατέες
851 1831 949 1916 ἦσαν.
997 1831 1196 1915 Thucydides
1220 1849 1348 1914 quoque
1373 1832 1451 1896 scri-

170 1938 219 2004 bit
243 1939 282 2004 V.
304 1941 346 2003 35
371 1938 404 2003 εἴ
426 1957 487 2004 τον
505 1934 613 2002 ἄλλον
630 1935 802 2021 ἐγκρατεῖς
816 1935 915 2020 ἦσαν,
940 1936 965 2002 Ι.
984 1937 1047 2002 118
1071 1934 1135 2018 τὴν
1152 1934 1259 2019 ἀρχὴν
1275 1935 1450 2020 ἐγκρατεσ-

171 2047 274 2129 τέραν
289 2046 552 2129 κατεστήσαντο,
576 2046 601 2111 Ι.
628 2047 669 2110 76
686 2051 720 2111 et
742 2045 795 2110 Vl.
823 2046 865 2108 92
884 2043 1065 2127 ἐγκρατῶς.
1113 2044 1219 2126 Atque
1243 2045 1296 2110 hic
1320 2047 1449 2130 quidem

170 2173 249 2221 usus
289 2173 352 2220 non
392 2154 501 2237 periit,
546 2173 620 2218 nam
660 2157 869 2220 conservatur
912 2151 999 2234 apud
1032 2151 1285 2219 Demosthenem
1325 2156 1448 2236 17161,

172 2263 260 2328 15.8
285 2261 327 2326 al.
352 2266 384 2328 et
407 2260 575 2345 Polybium
600 2264 629 2327 1.
647 2264 678 2326 6.
696 2262 726 2342 3,
753 2263 783 2326 7.
801 2263 831 2337 5,
857 2263 886 2325 9.
906 2261 925 2325 8
950 2259 991 2328 al.
1036 2259 1118 2355 inde
1141 2261 1314 2329 ePlatoue
1338 2267 1447 2330 autem

169 2388 230 2434 vox
253 2368 449 2434 transfertur
484 2369 526 2435 ad
550 2369 649 2435 animi
680 2370 921 2451 continentiam,
958 2368 1046 2434 velut
1081 2368 1160 2434 dicit
1183 2370 1322 2439 Phaedr.
1348 2372 1446 2438 256ss

169 2475 383 2559 ἐγκρατεῖς
419 2475 534 2543 αὐτῶν
561 2476 618 2542 καὶ
644 2475 779 2559 κόσμιοι
807 2473 912 2557 ὄντες,
948 2476 1044 2544 simil.
1073 2476 1172 2558 Legg.
1196 2477 1222 2542 Ι.
1247 2477 1363 2566 645Ε;
1401 2481 1447 2546 sic

168 2585 238 2651 voci
264 2583 414 2667 ἀκρατής
437 2585 612 2668 opponitur
628 2585 728 2668 Legg.
752 2584 807 2651 IV.
833 2585 934 2649 7104
957 2589 1031 2665 τοῖς
1054 2582 1118 2666 μὲν
1141 2582 1337 2668 ἀκρατῶς
1360 2585 1447 2670 ἐχειν

167 2691 256 2777 πρὸς
285 2691 347 2774 τὰς
370 2689 499 2776 ἡδονὰς
527 2689 704 2775 ξέμφντον
735 2688 881 2773 ἐξανθεῖ,
918 2695 991 2771 τοῖς
1026 2689 1064 2756 dc
1087 2690 1304 2774 ἐγκρατῶς.
1352 2696 1448 2763 Unde

166 2802 263 2867 ducta
292 2807 342 2868 est
368 2799 543 2882 ἐγκράτεια
566 2799 812 2882 „continentia“
836 2799 904 2867 Pol.
928 2799 985 2866 ΙΙΙ.
1011 2799 1110 2863 39οΒ
1138 2798 1227 2882 ιιρὸς
1251 2799 1447 2885 ἐγκράτειαν

166 2907 290 2974 ἑαυτοῦ
324 2907 375 2975 vel
403 2907 456 2975 IV.
488 2906 589 2973 43οΕ
611 2906 750 2991 ἡδονῶν
773 2909 878 2972 τινῶν
906 2906 963 2972 καὶ
986 2904 1181 2990 ἐπιθυμιῶν
1205 2906 1381 2991 ἐγκράτεια
1405 2910 1444 2975 ci.

165 3015 265 3084 Isocr.
291 3013 380 3099 ιιρὸς
395 3013 522 3097 Διγγιον.
548 3017 587 3079 21
615 3014 811 3098 ἐγκράτειαν
828 3012 932 3080 ἄσκει.
964 3015 1158 3080 Recentiore
1175 3015 1313 3098 denique
1337 3021 1447 3083 aetate

165 3128 336 3205 utramque
371 3121 642 3205 significationem
677 3122 769 3206 legis.
829 3122 930 3189 Nobis
965 3141 1043 3189 vero
1082 3119 1155 3187 finis
1190 3121 1357 3189 faciendus
1397 3128 1447 3190 est

163 3231 260 3297 huius
283 3231 494 3315 quaestionis,
530 3236 702 3314 postquam
726 3232 759 3296 in
790 3249 868 3298 voce
893 3231 1057 3313 ἐγκρατής
1091 3230 1123 3295 id
1153 3231 1445 3298 demonstravimus

167 3339 363 3405 testimoniis
386 3339 467 3406 satis
491 3340 611 3418 multis,
636 3339 720 3423 quod
752 3343 887 3421 propter
916 3337 1053 3405 fontium
1078 3338 1288 3422 exiguitatem
1311 3338 1343 3404 in
1368 3357 1446 3405 voce

169 3442 320 3529 ἀκρατής
342 3447 405 3513 iam
430 3467 494 3514 non
512 3448 718 3530 conspicitur,
743 3448 808 3513 etsi
825 3446 955 3512 dubium
978 3452 1119 3528 nonest,
1144 3447 1223 3529 quin
1246 3445 1342 3513 huius
1357 3447 1446 3513 vocis

167 3554 312 3620 condicio
338 3557 425 3638 apud
448 3556 662 3623 Athenienses
686 3556 799 3622 eadem
823 3559 921 3638 atque
944 3555 1032 3622 illius
1055 3553 1164 3620 luerit.

544 3750 783 3834 ΣΑΦΗΝΗΣ,
815 3749 1065 3819 ΣΑΦΗΝΙΖΩ.

273 3895 358 3961 Num
394 3897 492 3963 etiam
518 3899 677 3982 σαφηνὴς
712 3899 844 3981 eiusque
880 3897 1026 3963 derivata
1053 3895 1181 3981 priscae
1205 3894 1332 3961 Atthidi
1355 3898 1444 3961 recte

169 4003 366 4087 tribuantur,
399 4006 432 4070 in
457 4006 587 4071 dubium
616 4025 733 4074 uocare
768 4026 832 4072 non
872 4007 958 4089 licet,
999 4025 1070 4071 cum
1094 4022 1210 4072 nomen
1247 4002 1445 4068 abstractum

168 4109 190 4192 ἡ
216 4112 386 4194 σαφήνεια
421 4114 506 4197 apud
530 4114 699 4180 Platonem
724 4120 757 4180 et
780 4115 960 4181 Isocratem
983 4114 1084 4198 legas.
1132 4114 1251 4178 Tamen
1275 4128 1330 4177 res
1354 4127 1445 4176 accu-

272 4376 295 4446 1)
315 4375 368 4432 Vix
396 4376 478 4431 aliter
496 4376 602 4431 iudices
631 4377 664 4431 de
683 4392 751 4431 voce
770 4371 917 4448 προπετής,
949 4376 982 4431 dc
1011 4391 1065 4446 qna
1085 4375 1235 4432 wittelind
1264 4377 1359 4431 eodem
1384 4376 1445 4431 loco

167 4464 308 4535 disseruit,
337 4483 418 4537 quam
436 4482 491 4521 non
509 4466 648 4534 tangimus
666 4466 720 4521 nisi
739 4465 949 4538 praetereundo,
969 4466 1070 4536 quippe
1090 4482 1160 4536 quoe
1188 4467 1261 4537 apud
1279 4465 1445 4536 Aeschylum

167 4554 248 4610 obvius
264 4572 320 4613 non
339 4556 384 4612 sit.
