3232 5176
694 247 912 311 ..73-

167 426 302 493 tissimis
326 426 414 492 Eleis
438 426 544 492 titulis
569 425 669 508 γόνος
698 444 795 492 sensu
822 427 950 509 poetico
975 426 1172 509 conspicitur
1197 427 1283 495 u-B.
1311 432 1404 496 1153.
1425 433 1443 497 3

166 531 272 599 αὐτὸν
305 533 362 598 καὶ
396 533 498 615 γόνον
533 532 600 618 (VI.
636 535 734 621 saec.)
770 541 803 601 et
840 535 1144 601 1161.4=1GA.
1181 538 1245 601 552
1282 535 1343 602 τὸν
1377 537 1447 603 ἀπὸ

165 639 317 725 Σφίνγος
340 642 443 723 γόνον
467 643 590 725 (aetate
614 642 666 707 vix
688 644 894 727 recentiore).
941 643 1074 726 Integra
1104 645 1148 709 sit
1171 663 1234 725 res,
1265 652 1372 712 utrum
1396 646 1448 711 hic

165 768 242 815 usus
266 750 365 816 Eleae
393 750 532 816 dialecto
568 770 608 815 an
633 751 780 832 poeticae
804 752 1030 818 consuetudini
1059 751 1250 818 tribuendus
1285 753 1340 818 sit.
1385 753 1449 817 De·

165 858 263 939 nique
298 859 332 923 in
367 859 479 940 lingua
503 859 662 925 communi
688 860 762 924 inde
786 859 827 924 ab
853 859 1029 926 Aristotele
1064 865 1097 924 ot
1132 860 1240 941 proles
1271 866 1304 925 et
1338 879 1448 926 semen

165 963 266 1045 γόνος
282 971 427 1032 vocatur.
451 965 607 1033 (lanieras
623 967 761 1033 indicem
778 966 1021 1034 Aristotelicum
1036 966 1188 1043 Bonitnii‚
1218 966 1449 1032 Plutarcheum

166 1072 420 1156 Wytteubachii;
445 1075 479 1139 in
496 1074 711 1157 Septuaginta
727 1094 787 1140 vox
804 1081 911 1142 exstat
933 1075 1009 1140 Lev.
1030 1076 1079 1141 15.
1099 1076 1129 1156 9,
1146 1074 1204 1142 111.
1230 1074 1329 1141 Maca.
1350 1076 1378 1138 5.
1393 1075 1446 1155 31,

165 1179 220 1245 nbi
257 1181 403 1248 derivata
438 1202 565 1265 quoque
589 1183 789 1264 γονοποιέω,
814 1182 996 1266 γονόῤῥοια
1020 1183 1091 1250 sim.
1116 1183 1334 1249 inveniuntur.

694 1449 917 1517 ΠΟΡΘΜΟΣ.

273 1627 343 1693 Hac
373 1633 412 1694 de
441 1647 518 1695 voce
542 1626 688 1695 conferas
713 1629 919 1696 Wittehindii
943 1650 974 1712 p.
1001 1632 1052 1709 29,
1089 1628 1312 1696 Rutherlordii
1338 1648 1369 1711 p.
1398 1629 1448 1709 12,

166 1738 233 1801 not.
260 1736 279 1798 3
306 1741 338 1802 et
361 1755 394 1818 p.
419 1738 471 1802 20.
520 1737 609 1815 Quae
633 1756 704 1804 cum
728 1739 834 1821 prima
858 1738 951 1805 nohis
976 1743 1125 1803 occurrat
1141 1744 1174 1803 et
1198 1737 1284 1819 apud
1308 1736 1450 1818 tragicos

166 1846 280 1924 poetas
316 1850 349 1909 et
384 1845 469 1926 apud
495 1844 711 1929 Thucydidem
736 1847 841 1929 obvia,
877 1846 1032 1928 postulat,
1068 1849 1105 1911 ut
1134 1845 1203 1911 eius
1239 1845 1329 1927 origo
1354 1864 1450 1927 quam

167 1951 409 2018 accuratissime
434 1952 629 2018 enucleetur.

274 2055 445 2142 Hopdpdg
460 2061 548 2143 apud
564 2061 739 2126 Homerum
763 2058 782 2126 d
801 2063 876 2141 671,
901 2081 919 2126 o
938 2062 978 2125 29
1004 2059 1122 2127 iretnm
1139 2067 1190 2127 est
1205 2061 1291 2126 inter
1306 2060 1451 2125 Ithacam

168 2171 202 2232 et
226 2166 356 2232 Samum
381 2168 488 2248 situm,
525 2168 611 2234 unde
634 2174 745 2249 nauta,
781 2167 836 2251 qui
861 2175 952 2233 trans
981 2166 1098 2234 fretum
1123 2168 1192 2234 sivo
1215 2167 1361 2234 homines
1385 2168 1453 2234 sive

166 2295 219 2340 res
245 2276 434 2357 transvehit,
460 2281 593 2342 vocatur
616 2296 637 2341 ο
664 2278 725 2341 187
751 2274 945 2359 aopdpeo'g:
970 2273 1153 2361 πορθμῆες
1169 2273 1202 2341 d'
1230 2272 1297 2358 ἄρα
1322 2274 1402 2355 τούς
1418 2297 1454 2357 γε

168 2380 337 2464 διήγαγον.
382 2384 499 2466 ltaque
523 2403 587 2450 non
612 2383 827 2465 dubiumst,
864 2384 941 2466 quin
970 2383 1183 2466 veriloquium
1210 2383 1385 2465 petendum
1409 2383 1454 2448 sit

168 2489 220 2573 (cl.
246 2490 434 2556 Prellvitzii
460 2493 537 2575 lex.)
574 2512 594 2558 a
628 2493 727 2559 verbo
752 2493 861 2575 aedom
896 2492 950 2571 „in
987 2491 1158 2558 adversam
1192 2495 1317 2573 partem
1347 2495 1453 2555 trans·
1492 2536 1495 2542 -

170 2599 332 2682 gredi0r“‚
351 2597 435 2666 unde
451 2598 675 2685 capuae-91)
693 2601 783 2668 locus
800 2606 945 2681 vocatur,
964 2600 996 2665 in
1014 2618 1076 2682 quo
1094 2600 1290 2664 transvectio
1307 2599 1361 2663 sit.
1384 2597 1455 2662 Hac

169 2705 406 2788 significatione
429 2708 589 2775 instructa
622 2729 683 2777 vox
707 2710 815 2791 prisca
839 2709 973 2775 Graecis
1004 2707 1180 2774 communis
1204 2705 1276 2787 fuit,
1312 2706 1344 2771 id
1369 2705 1454 2788 quod

169 2814 307 2896 primum
332 2816 461 2898 quidem
478 2817 660 2883 nominibus
684 2819 824 2900 propriis
842 2818 1099 2896 demonstratur;
1124 2834 1197 2879 nam
1217 2814 1306 2907 etin
1323 2814 1456 2880 Euboea

169 2917 341 3004 Haudpdg
363 2924 419 2989 illo
443 2924 513 2990 loco
539 2930 618 3007 erat,
643 2926 699 2992 uhi
724 2925 831 3007 Oropo
855 2926 889 2990 in
918 2924 1055 2990 insulam
1081 2922 1384 3004 transvehebantur‚
1422 2927 1456 2986 et

171 3026 329 3111 carpathi
364 3032 396 3096 in
421 3032 546 3098 insulae
572 3034 820 3116 septentrionali
846 3037 951 3116 parte,
988 3031 1043 3097 uhi
1068 3036 1207 3113 angusto
1231 3029 1315 3095 freto
1350 3029 1456 3094 insula

171 3135 269 3203 Saros
293 3140 483 3221 secernitur,
507 3141 667 3207 Poseidon
692 3138 876 3224 lldpdpoog
900 3141 1055 3206 adoratus
1080 3144 1140 3220 est,
1166 3138 1257 3204 cuius
1281 3137 1329 3203 rei
1354 3141 1456 3203 testes

172 3251 248 3310 sunt
271 3245 500 3329 inscriptiones
528 3249 583 3316 IG.
609 3249 681 3315 llll.
711 3253 737 3314 1.
767 3248 997 3314 1031-1036.
1044 3247 1221 3312 Praeterea
1251 3263 1353 3327 prope
1376 3245 1456 3310 Bos·

171 3372 285 3434 porum
311 3353 518 3422 Cimmerium
541 3354 732 3440 Hoodpplo
760 3357 823 3423 sita
848 3362 951 3436 crant,
983 3373 1066 3438 quae
1090 3358 1232 3419 testatur
1255 3353 1374 3418 Herod.
1400 3351 1455 3418 IV.

175 3461 225 3539 12,
251 3463 303 3528 45.
351 3461 469 3529 Verum
496 3466 594 3529 etiarn
618 3464 651 3528 in
668 3463 778 3530 Sicilia
793 3462 912 3548 floruit,
938 3463 999 3528 etsi
1024 3449 1117 3527 valde
1139 3454 1270 3526 dubium
1294 3464 1354 3542 ost,
1379 3449 1455 3525 num

172 3566 291 3634 fretum
316 3568 458 3637 Siculum
481 3591 595 3638 revera
629 3578 666 3637 ut
690 3591 709 3637 a
732 3572 838 3655 poetis
861 3571 909 3636 ita
944 3571 984 3634 ab
1026 3568 1140 3634 incolis
1177 3567 1376 3650 appellatum
1413 3567 1458 3633 sit

173 3675 345 3760 πορθμός.
392 3679 603 3762 Empedocles
628 3685 737 3746 autem
760 3679 821 3763 frg.
850 3681 993 3760 100.10,
1023 3678 1109 3743 ΠΙ).
1149 3677 1265 3743 collum
1295 3675 1455 3756 horologii

175 3786 300 3867 aqualis
324 3787 372 3852 ita
396 3793 490 3854 vocat
520 3795 655 3872 propter
684 3789 863 3870 angustias,
899 3786 1028 3869 qualem
1052 3803 1181 3850 sensum
1206 3785 1294 3850 solus
1318 3783 1458 3849 omnium

176 3893 369 3975 scriptorum
405 3895 522 3960 afreti
547 3897 706 3979 angustiis
730 3893 908 3961 transtulit.
956 3893 993 3958 ld
1028 3893 1109 3958 adeo
1134 3893 1300 3975 singulare
1325 3899 1383 3966 est,
1421 3897 1458 3958 ut

175 3997 281 4065 lacere
306 4021 368 4068 non
386 4003 556 4084 possimus,
581 4005 657 4086 quin
681 4004 767 4069 hanc
791 4003 831 4070 oh
856 4020 985 4069 causam
1004 4020 1113 4067 vocem
1130 4000 1359 4067 Siceliotarum
1384 4019 1457 4066 con·

176 4109 341 4175 suetudini
365 4111 572 4177 vindicemus

282 4217 399 4319 delate
428 4219 623 4301 procedente
659 4236 721 4284 vox
756 4217 888 4300 eiusque
918 4216 1065 4282 derivata
1100 4215 1185 4298 apud
1209 4214 1303 4282 Iones
1339 4216 1372 4282 in
1396 4236 1458 4283 usu

177 4325 342 4392 remansit.
390 4324 442 4392 Sic
464 4326 649 4393 Herodotus
673 4324 802 4410 fretum,
839 4325 924 4407 quod
948 4328 999 4390 est
1032 4324 1120 4389 inter
1144 4322 1283 4389 Atticam
1309 4330 1343 4391 et
1366 4324 1461 4392 Sala·-

289 4562 308 4629 ’γ
328 4558 367 4613 De
387 4557 483 4612 suffixo
502 4564 585 4629 -θμο-
605 4557 639 4612 cl.
659 4557 825 4629 Brngmann,
844 4572 884 4626 gr.
906 4555 1023 4611 Granum.
1043 4555 1058 4624 ξ
1079 4556 1137 4611 184.
