3232 5176
700 271 921 337 ..65ss

169 448 331 525 adhibeat,
348 449 467 515 abillis
483 469 546 516 non
560 451 711 531 pondere.
730 450 941 516 Examiuandi
955 450 1055 532 igitur
1068 449 1250 516 suntdttici
1264 452 1451 535 scripturae,

168 576 243 622 unm
268 576 379 623 vocem
404 559 586 638 exhibeant,
625 559 682 624 sed
708 577 760 623 res
785 559 913 639 integra
937 559 1090 638 manebit,
1127 558 1203 641 quia
1226 564 1380 640 quattuor
1403 559 1454 624 illi

169 664 319 732 Platonis
354 665 417 731 loci
445 685 627 733 sermonem
664 667 860 733 cotidianum
895 686 959 732 nou
994 671 1167 731 testantur.
1214 665 1332 733 Phaed.
1361 665 1454 732 1090

168 772 296 853 poetice
326 773 416 856 loqui
448 775 576 840 videtur
600 773 755 857 ἐνμέσῳ
779 778 828 858 τῷ
856 772 1007 856 πυθμένι
1030 776 1092 839 τοῦ
1120 771 1271 855 πελάνου
1310 792 1369 840 nec
1391 793 1454 840 non

167 879 290 946 Phaed.
320 881 427 963 112Β,
453 901 524 948 cum
547 883 699 964 loquatur
725 885 764 949 da
789 884 853 949 ima
869 883 988 948 tantari
1012 901 1096 965 aqua
1121 880 1159 947 cl.
1184 881 1315 946 Pindari
1339 882 1454 949 locum.

143 985 204 1051 ·In
228 987 361 1055 Timaeo
386 994 493 1055 autern
519 989 596 1054 8313
612 990 736 1072 repetit
751 991 950 1056 medicorum
970 989 1160 1070 doctrinam,
1186 1007 1267 1071 quos
1284 988 1456 1071 plerosque

166 1093 261 1161 Iones
296 1095 398 1163 fnisse
433 1103 545 1164 notum
573 1104 641 1163 est:
681 1096 860 1177 μενόντων
895 1101 966 1162 τῶν
989 1093 1182 1180 πυθμένων
1212 1095 1288 1180 (τῆς
1315 1095 1455 1180 σαρκός)

169 1203 347 1285 „quamdiu
371 1206 464 1287 quasi
486 1204 730 1271 fundamentum
755 1206 860 1271 carnis
886 1212 1063 1272 remanat“.
1109 1205 1217 1288 Atque
1240 1205 1273 1270 iu
1303 1205 1386 1271 libro
1412 1206 1452 1271 de

169 1311 338 1393 republica
365 1311 452 1378 VIII.
478 1311 577 1378 5460
606 1312 825 1396 Pythagoreos
854 1316 1011 1397 sequitur,
1049 1331 1119 1378 cum
1155 1312 1280 1378 numeri
1303 1313 1455 1395 quadrati

167 1419 311 1485 radicem
333 1417 497 1503 πυθμένα
533 1425 634 1488 vocet.
681 1420 794 1505 Neque
824 1422 925 1504 igitur
956 1421 1116 1487 sermonis
1141 1421 1241 1486 Attici
1277 1421 1371 1486 testis
1395 1427 1455 1501 est,

169 1526 225 1591 sed
238 1532 273 1591 et
288 1526 567 1611 Pythagoreorum
580 1532 613 1593 et
629 1529 838 1611 medicorum,
856 1549 936 1613 qnos
952 1529 1133 1612 Hesychius
1155 1548 1282 1612 quoque
1299 1528 1456 1610 sequitur,

170 1650 239 1699 cum
264 1632 352 1700 dicat
375 1631 520 1718 πυθμήν
544 1684 553 1700 .
577 1684 585 1700 .
614 1685 621 1700 .
646 1636 704 1700 καὶ
721 1641 784 1719 τῆς
798 1637 933 1720 μήτρας
956 1636 995 1702 τὸ
1013 1635 1088 1703 ἄνω
1110 1637 1226 1719 μέρος.
1273 1637 1316 1701 Et
1332 1636 1456 1719 Hippo-

175 1746 281 1807 crates
305 1742 436 1824 qnidem
460 1743 528 1825 ipse
552 1761 662 1808 vocem
686 1741 834 1826 πυθμήν
870 1746 1024 1827 primario
1053 1764 1151 1812 sensu
1179 1745 1300 1811 detrito
1323 1744 1456 1827 scripsit

171 1869 204 1913 π.
230 1845 331 1914 θιοέτ.
356 1846 404 1931 ὀξ.
432 1853 482 1917 11.
508 1849 532 1917 Ι.
562 1852 671 1915 1293
696 1850 776 1915 Klu
812 1849 1041 1934 πυθμένοθεν
1074 1850 1138 1933 μὲν
1166 1847 1228 1915 οὖν
1258 1850 1320 1916 οὐκ
1344 1849 1456 1916 ἴσασιν

175 1975 232 2034 ,ex
255 1954 389 2037 qud0“,
415 1955 453 2025 of.
479 1957 569 2023 Erot.
594 1977 624 2039 p.
654 1959 785 2022 110.12
811 1966 844 2024 ο1
861 1958 986 2025 Ctesias
1011 1977 1150 2025 causus
1175 1978 1246 2025 esse
1271 1960 1399 2025 videtur
1423 1959 1454 2024 in

171 2062 290 2131 IndiciS
325 2062 869 2148 ορ.Ρ1101.ρ.451)7πυθμὴν
904 2069 966 2149 τῆς
988 2066 1127 2149 κρήνης.
1174 2066 1312 2133 Unicum
1347 2073 1455 2132 autem

172 2172 298 2239 Atticae
316 2173 559 2247 consuetudinis
576 2173 757 2254 exemplum
777 2173 811 2238 in
827 2173 937 2255 lapide
965 2181 1114 2240 servatur
1145 2174 1200 2240 IG.
1225 2174 1250 2240 Ι.
1275 2194 1323 2240 nr.
1345 2176 1454 2239 1721

173 2276 209 2344 cl.
235 2298 267 2361 p.
294 2280 394 2362 73sq.
441 2278 478 2344 Iu
502 2280 717 2346 Parthenonis
745 2281 831 2346 enim
855 2281 1037 2347 inventario
1073 2290 1189 2364 quarto
1219 2282 1289 2348 loco
1313 2283 1388 2347 inde
1412 2281 1453 2347 ab

173 2405 254 2453 anno
281 2387 346 2451 434
382 2387 572 2453 tradebatur
606 2388 792 2470 καρχήσιον
817 2392 968 2471 χρυσοῦν
997 2387 1227 2472 υόμπυθμένα
1255 2387 1453 2471 ὑπάργυρον

173 2490 257 2577 ἔχον.
307 2493 395 2560 Idem
426 2495 513 2561 valet
537 2496 567 2560 in
592 2496 827 2562 recentioribus
852 2497 1044 2563 inventariis
1068 2498 1157 2562 velut
1182 2496 1255 2563 Deli
1280 2495 1366 2562 c.-ss.
1392 2494 1453 2560 III.

174 2602 200 2666 2.
219 2603 307 2668 5388
332 2602 430 2683 (Ball.
458 2603 497 2667 de
523 2621 603 2668 corr.
621 2602 697 2670 hell.
722 2603 807 2685 XIV,
831 2623 862 2686 p.
880 2605 956 2684 414,
980 2604 1002 2670 l.
1020 2605 1078 2684 38)
1102 2623 1131 2670 a,
1150 2605 1225 2684 279,
1250 2604 1453 2685 Dittenberg.

175 2706 261 2791 syll.²
289 2711 364 2776 588.
383 2712 436 2792 21,
455 2712 495 2775 27
529 2730 558 2774 a.
585 2712 658 2776 180.
706 2710 818 2793 Neque
854 2711 961 2776 aliena
998 2731 1059 2776 vox
1094 2718 1144 2777 est
1168 2711 1209 2777 ab
1241 2730 1300 2776 usu
1323 2712 1455 2791 linguae

177 2818 349 2883 communis
373 2818 447 2882 iude
470 2817 512 2884 ab
536 2817 744 2899 Aristotele)
770 2818 822 2900 (cl.
845 2819 985 2885 Bonitzii
1009 2820 1158 2902 iudicem)
1184 2825 1217 2886 et
1232 2819 1454 2903 Theophrasto

176 2925 261 2991 velut
297 2924 372 2990 hist.
408 2925 666 3007 1111111229,
703 2927 734 2990 4.
757 2928 803 2991 11.
826 2928 875 3008 13,
912 2944 999 2994 caus.
1023 2927 1126 3009 plant.
1152 2929 1181 2994 3.
1203 2929 1253 2994 13.
1272 2929 1302 2995 3.
1349 2926 1455 2992 Etiam

176 3030 326 3116 Polybius
362 3035 464 3101 6.23.
484 3036 534 3115 ll,
573 3035 755 3101 221115
793 3039 826 3101 et
860 3036 902 3102 al.
932 3054 1002 3100 earn
1038 3035 1202 3102 exhibent.
1249 3033 1456 3100 Arithmetici

177 3144 281 3205 antem
315 3141 494 3223 scriptores
529 3140 618 3207 uelut
641 3142 836 3208 lamblichus
872 3161 981 3209 vocem
1011 3162 1100 3209 more
1124 3144 1328 3226 Pythagoreo
1363 3160 1456 3207 usur·

177 3254 342 3327 paverunt.

281 3355 372 3422 Haec
395 3357 476 3422 satis
499 3356 603 3421 multa
626 3356 813 3422 testImonia
838 3357 893 3440 qni
911 3359 1065 3433 censebit,
1091 3377 1153 3423 non
1179 3356 1351 3438 dubitabit,
1376 3356 1455 3438 quin

177 3461 403 3547 cornoclaria
439 3483 535 3531 sensu
559 3465 714 3546 primario
739 3465 776 3529 V.
801 3484 860 3530 uec
883 3484 947 3530 non
973 3464 1025 3530 VI.
1051 3464 1180 3530 saeculo
1205 3463 1456 3529 Atheniensibus

178 3576 250 3638 nota
278 3570 386 3649 fuerit,
422 3574 537 3639 ductus
562 3572 603 3638 ad
627 3572 687 3637 hoc
711 3571 866 3637 iudicium
903 3590 973 3637 cnm
1005 3572 1091 3638 illius
1116 3571 1340 3654 inscriptionis
1363 3570 1456 3637 testi·

178 3680 291 3762 monio,
316 3685 386 3747 tum
409 3682 547 3764 ratione,
573 3699 637 3763 qna
660 3679 838 3763 Aeschylus
861 3699 939 3747 voce
963 3698 1040 3746 usus
1065 3686 1125 3746 est.

734 3946 899 4015 KAPTA.

281 4127 403 4192 Eadem
428 4132 527 4209 atque
562 4128 595 4192 in
619 4130 833 4196 antecedente
858 4147 935 4195 voce
959 4129 1086 4194 ratione
1110 4125 1242 4192 adducti
1266 4143 1385 4207 sumus,
1421 4130 1459 4191 ut

179 4234 362 4301 adverbium
386 4234 505 4317 κάρυα,
542 4237 628 4318 qnod
652 4236 817 4319 plerisque
854 4237 931 4302 viris
957 4237 1060 4303 doctis
1084 4235 1227 4300 IonIcum
1265 4252 1336 4299 esse
1371 4233 1460 4299 vide·

180 4340 281 4424 batur,
318 4361 389 4408 oum
414 4343 463 4407 W.
488 4342 636 4409 Schnlziu
671 4344 757 4409 inter
792 4344 900 4425 prisca
923 4345 1033 4409 Attica
1058 4342 1155 4409 verba
1180 4360 1382 4424 poneremus,
1419 4338 1457 4406 of.

200 4613 203 4616 ψ
283 4576 305 4645 ¹)
323 4574 432 4629 Aeneae
451 4573 559 4627 'Iactici
578 4574 655 4629 locus
676 4577 746 4631 297
768 4575 950 4644 interpolatus
971 4578 1021 4638 est,
1041 4575 1064 4628 si
1083 4574 1170 4642 Hugii
1188 4572 1320 4629 iudicium
1339 4570 1421 4624 valet.

229 4664 297 4715 Aly.
313 4663 345 4704 llo
360 4662 468 4716 Aeschyli
485 4663 547 4717 aopi·
562 4662 683 4706 verborum.
1247 4666 1264 4719 5
